time,Volume,LastPrice,TotalBidQty,WeightedAvgBidPx,TotalOfferQty,WeightedAvgOfferPx,AskPrice1,AskVolume1,BidPrice1,BidVolume1,AskPrice2,AskVolume2,BidPrice2,BidVolume2,LogReturn
2024-04-30 09:30:01,243100.0,9.25,2135800.0,9.144,2605600.0,9.684,9.25,6500.0,9.24,61100.0,9.26,23300.0,9.23,5100.0,-54.141983908726
2024-04-30 09:30:04,301000.0,9.26,2292000.0,9.149,2726100.0,9.678,9.26,16800.0,9.25,63800.0,9.27,51600.0,9.24,43300.0,-43.337012571185
2024-04-30 09:30:07,354100.0,9.25,1385900.0,9.1,2932300.0,9.667,9.26,12400.0,9.25,85300.0,9.27,54800.0,9.24,55200.0,-54.141983908726
2024-04-30 09:30:10,394400.0,9.26,1497000.0,9.105,3112400.0,9.659,9.27,56800.0,9.26,1500.0,9.28,130900.0,9.25,76900.0,-54.141983908726
2024-04-30 09:30:13,444300.0,9.26,1764200.0,9.112,3376200.0,9.645,9.26,4500.0,9.25,44600.0,9.27,52000.0,9.24,55000.0,-54.141983908726
2024-04-30 09:30:16,509800.0,9.26,1939100.0,9.121,3688200.0,9.64,9.26,11100.0,9.25,100800.0,9.27,52000.0,9.24,55900.0,-43.337012571185
2024-04-30 09:30:19,558400.0,9.25,1972900.0,9.12,3832400.0,9.635,9.26,7100.0,9.25,94200.0,9.27,52400.0,9.24,53400.0,-43.337012571185
2024-04-30 09:30:22,593700.0,9.25,1883200.0,9.113,3909700.0,9.629,9.26,14100.0,9.25,36700.0,9.27,55400.0,9.24,18000.0,-54.141983908726
2024-04-30 09:30:25,634200.0,9.26,1926100.0,9.116,3928000.0,9.627,9.27,66900.0,9.26,24200.0,9.28,181100.0,9.25,39100.0,-43.337012571185
2024-04-30 09:30:28,713200.0,9.25,1857000.0,9.111,3954100.0,9.628,9.26,2700.0,9.25,1100.0,9.27,66300.0,9.24,19400.0,-43.337012571185
2024-04-30 09:30:31,741800.0,9.25,1843900.0,9.11,4004800.0,9.624,9.25,24800.0,9.24,17400.0,9.26,11900.0,9.23,206200.0,-32.520353863771
2024-04-30 09:30:34,766300.0,9.24,1847700.0,9.11,4021100.0,9.623,9.24,900.0,9.23,225200.0,9.25,19500.0,9.22,170400.0,-43.337012571185
2024-04-30 09:30:37,797500.0,9.25,1850100.0,9.11,4029400.0,9.623,9.25,8700.0,9.24,1700.0,9.26,13400.0,9.23,224900.0,-32.485139558313
2024-04-30 09:30:40,833700.0,9.25,1873400.0,9.111,4060700.0,9.623,9.26,19600.0,9.25,6300.0,9.27,78000.0,9.23,217800.0,-43.29011089585399
2024-04-30 09:30:43,856300.0,9.26,1865000.0,9.111,4069100.0,9.623,9.26,22800.0,9.25,12800.0,9.27,74400.0,9.24,5100.0,-65.005646030935
2024-04-30 09:30:46,888400.0,9.26,1881700.0,9.112,4089200.0,9.623,9.26,15400.0,9.25,29400.0,9.27,76200.0,9.24,6600.0,-32.520353863771
2024-04-30 09:30:49,943300.0,9.24,1854000.0,9.107,4102400.0,9.621,9.24,21600.0,9.23,197200.0,9.26,21400.0,9.22,171100.0,-32.520353863771
2024-04-30 09:30:52,994100.0,9.24,1903700.0,9.111,4124200.0,9.62,9.25,1800.0,9.24,24200.0,9.26,27800.0,9.23,204600.0,-43.337012571185
2024-04-30 09:30:55,999400.0,9.25,1948800.0,9.112,4163700.0,9.617,9.26,50100.0,9.25,29900.0,9.27,81300.0,9.24,30000.0,-54.141983908726
2024-04-30 09:30:58,1015900.0,9.26,1894900.0,9.109,4163700.0,9.617,9.26,48100.0,9.25,4700.0,9.27,82300.0,9.24,29100.0,-54.141983908726
2024-04-30 09:31:01,1058900.0,9.26,1877400.0,9.108,4195500.0,9.616,9.26,53600.0,9.25,7300.0,9.27,82300.0,9.24,16000.0,-54.141983908726
2024-04-30 09:31:04,1095900.0,9.26,1895200.0,9.109,4198400.0,9.618,9.26,42100.0,9.25,8800.0,9.27,82300.0,9.24,26500.0,-54.083420092609
2024-04-30 09:31:07,1170200.0,9.27,1931800.0,9.112,4158800.0,9.622,9.27,67200.0,9.26,28400.0,9.28,190300.0,9.25,13600.0,-54.083420092609
2024-04-30 09:31:10,1258700.0,9.27,1927500.0,9.111,4145500.0,9.631,9.27,400.0,9.26,15100.0,9.28,190200.0,9.25,15700.0,-54.141983908726
2024-04-30 09:31:13,1280600.0,9.26,1846600.0,9.109,4157600.0,9.63,9.26,4800.0,9.25,6900.0,9.27,200.0,9.24,24100.0,-21.6684808509
2024-04-30 09:31:16,1319100.0,9.24,1784900.0,9.106,4199300.0,9.627,9.26,100.0,9.24,19300.0,9.27,33500.0,9.23,202200.0,-54.141983908726
2024-04-30 09:31:19,1322300.0,9.26,1812700.0,9.109,4265800.0,9.623,9.26,6000.0,9.25,22000.0,9.27,75900.0,9.24,25100.0,-43.337012571185
2024-04-30 09:31:22,1327000.0,9.25,1811900.0,9.108,4283400.0,9.622,9.26,8000.0,9.25,18700.0,9.27,77200.0,9.24,25300.0,-43.337012571185
2024-04-30 09:31:25,1337400.0,9.25,1814200.0,9.109,4295700.0,9.622,9.26,6000.0,9.25,17700.0,9.27,81500.0,9.24,26800.0,-54.141983908726
2024-04-30 09:31:28,1359700.0,9.26,1810500.0,9.108,4337100.0,9.62,9.26,31000.0,9.25,8000.0,9.27,82000.0,9.24,32800.0,-43.337012571185
2024-04-30 09:31:31,1365200.0,9.25,1835600.0,9.11,4380600.0,9.617,9.26,49100.0,9.25,33100.0,9.27,83700.0,9.24,32800.0,-43.337012571185
2024-04-30 09:31:34,1407600.0,9.25,1803500.0,9.108,4435000.0,9.614,9.26,51600.0,9.25,500.0,9.27,84900.0,9.24,32800.0,-43.337012571185
2024-04-30 09:31:37,1575600.0,9.25,1799400.0,9.107,4450100.0,9.613,9.25,4500.0,9.24,27400.0,9.26,53500.0,9.23,206200.0,-43.337012571185
2024-04-30 09:31:40,1587900.0,9.25,1792500.0,9.107,4475000.0,9.612,9.25,3100.0,9.24,22400.0,9.26,68800.0,9.23,204300.0,-43.337012571185
2024-04-30 09:31:43,1604900.0,9.25,1809200.0,9.108,4515500.0,9.61,9.26,73100.0,9.25,4700.0,9.27,96200.0,9.24,27200.0,-43.337012571185
2024-04-30 09:31:46,1615300.0,9.25,1812100.0,9.108,4621500.0,9.605,9.25,1700.0,9.24,33400.0,9.26,74200.0,9.23,209300.0,-43.337012571185
2024-04-30 09:31:49,1624400.0,9.25,1809900.0,9.108,4636500.0,9.605,9.25,1000.0,9.24,33600.0,9.26,79700.0,9.23,208300.0,-54.20067469339399
2024-04-30 09:31:52,1647400.0,9.25,1811500.0,9.108,4673200.0,9.602,9.25,1600.0,9.24,30200.0,9.26,76600.0,9.23,208300.0,-43.337012571185
2024-04-30 09:31:55,1661500.0,9.25,1812800.0,9.108,4703500.0,9.6,9.25,29000.0,9.24,28600.0,9.26,73700.0,9.23,208600.0,-43.337012571185
2024-04-30 09:31:58,1689300.0,9.25,1834800.0,9.108,4668400.0,9.595,9.25,18300.0,9.24,27000.0,9.26,74700.0,9.23,225300.0,-43.337012571185
2024-04-30 09:32:01,1711400.0,9.25,1875200.0,9.112,4656800.0,9.595,9.26,74100.0,9.25,39200.0,9.27,124400.0,9.24,29200.0,-65.005646030935
2024-04-30 09:32:04,1733000.0,9.26,1883600.0,9.111,4642300.0,9.597,9.26,56400.0,9.25,30600.0,9.27,124400.0,9.24,30000.0,-54.20067469339399
2024-04-30 09:32:07,1761500.0,9.25,1910300.0,9.113,4633500.0,9.598,9.26,50700.0,9.25,35200.0,9.27,116600.0,9.24,52100.0,-65.005646030935
2024-04-30 09:32:10,1869400.0,9.26,1925600.0,9.114,4593200.0,9.601,9.27,121900.0,9.26,21200.0,9.28,218500.0,9.25,16300.0,-65.005646030935
2024-04-30 09:32:13,1889500.0,9.26,1919600.0,9.115,4599900.0,9.601,9.27,114200.0,9.26,21800.0,9.28,218600.0,9.25,16300.0,-75.79895522768999
2024-04-30 09:32:16,1896700.0,9.27,1913300.0,9.114,4605100.0,9.601,9.27,116600.0,9.26,20300.0,9.28,218600.0,9.25,17100.0,-65.005646030935
2024-04-30 09:32:19,1904100.0,9.26,1907800.0,9.114,4588600.0,9.602,9.27,117800.0,9.26,16100.0,9.28,208400.0,9.25,16900.0,-65.005646030935
2024-04-30 09:32:22,1907900.0,9.26,1931200.0,9.116,4592900.0,9.602,9.27,118100.0,9.26,25400.0,9.28,208400.0,9.25,21100.0,-65.005646030935
2024-04-30 09:32:25,1939200.0,9.26,1947200.0,9.117,4591500.0,9.603,9.27,112900.0,9.26,11400.0,9.28,197200.0,9.25,51300.0,-75.79895522768999
2024-04-30 09:32:28,1956800.0,9.27,1960100.0,9.118,4582100.0,9.604,9.27,98200.0,9.26,21200.0,9.28,196500.0,9.25,57400.0,-65.005646030935
2024-04-30 09:32:31,1994100.0,9.26,1956900.0,9.117,4589500.0,9.603,9.27,102300.0,9.26,7100.0,9.28,196800.0,9.25,57400.0,-65.005646030935
2024-04-30 09:32:34,2010000.0,9.26,1968300.0,9.118,4644600.0,9.601,9.27,106200.0,9.26,16700.0,9.28,196800.0,9.25,58200.0,-75.79895522768999
2024-04-30 09:32:37,2020100.0,9.27,1979100.0,9.119,4667200.0,9.599,9.27,125200.0,9.26,14500.0,9.28,197200.0,9.25,58200.0,-75.79895522768999
2024-04-30 09:32:40,2040500.0,9.27,1995800.0,9.12,4662300.0,9.6,9.27,113300.0,9.26,14400.0,9.28,197300.0,9.25,68700.0,-86.58062743114698
2024-04-30 09:32:43,2356200.0,9.28,2433400.0,9.146,4375800.0,9.622,9.29,187100.0,9.28,46400.0,9.3,233400.0,9.27,132800.0,-86.58062743114698
2024-04-30 09:32:46,2441000.0,9.28,2364900.0,9.142,4352100.0,9.625,9.29,142400.0,9.28,1200.0,9.3,247000.0,9.27,118500.0,-75.79895522768999
2024-04-30 09:32:49,2449800.0,9.27,2291900.0,9.138,4357200.0,9.625,9.29,142400.0,9.28,8400.0,9.3,245100.0,9.27,39400.0,-86.58062743114698
2024-04-30 09:32:52,2452200.0,9.28,2342600.0,9.141,4381800.0,9.624,9.29,148900.0,9.28,13900.0,9.3,244100.0,9.27,62400.0,-97.245498919948
2024-04-30 09:32:55,2612800.0,9.3,3206800.0,9.182,4217300.0,9.637,9.3,225800.0,9.29,893600.0,9.31,46300.0,9.28,14500.0,-97.245498919948
2024-04-30 09:32:58,2661100.0,9.3,3162600.0,9.18,4164100.0,9.641,9.3,164900.0,9.29,870200.0,9.31,46300.0,9.28,14800.0,-97.245498919948
2024-04-30 09:33:01,2672800.0,9.3,3141600.0,9.18,4165000.0,9.641,9.3,162600.0,9.29,854800.0,9.31,47300.0,9.28,10100.0,-108.109161042158
2024-04-30 09:33:04,2694300.0,9.3,3144500.0,9.18,4159300.0,9.643,9.3,141100.0,9.29,858300.0,9.31,47300.0,9.28,13000.0,-86.48702558531699
2024-04-30 09:33:07,2768900.0,9.29,3114600.0,9.178,4159800.0,9.651,9.3,98700.0,9.29,823300.0,9.31,47300.0,9.28,13000.0,-97.35068770752599
2024-04-30 09:33:10,3167000.0,9.29,2266500.0,9.137,4183500.0,9.65,9.29,23900.0,9.27,9300.0,9.3,89800.0,9.26,295200.0,-86.48702558531699
2024-04-30 09:33:13,3210900.0,9.29,2271200.0,9.137,4155400.0,9.652,9.28,2300.0,9.27,10000.0,9.29,6000.0,9.26,298700.0,-86.58062743114698
2024-04-30 09:33:16,3224600.0,9.28,2272600.0,9.137,4153400.0,9.651,9.28,8500.0,9.27,12900.0,9.29,7400.0,9.26,298000.0,-75.716965308938
2024-04-30 09:33:19,3227900.0,9.28,2278400.0,9.137,4169100.0,9.65,9.28,10000.0,9.27,11500.0,9.29,12700.0,9.26,298000.0,-75.716965308938
2024-04-30 09:33:22,3235300.0,9.28,2025700.0,9.122,4239600.0,9.645,9.28,6700.0,9.27,7000.0,9.29,18400.0,9.26,48000.0,-64.935293105481
2024-04-30 09:33:25,3242600.0,9.27,2011400.0,9.121,4269900.0,9.644,9.28,17100.0,9.27,15500.0,9.29,27700.0,9.26,34200.0,-75.716965308938
2024-04-30 09:33:28,3258200.0,9.28,1984100.0,9.12,4320100.0,9.641,9.28,20300.0,9.27,3600.0,9.29,42100.0,9.26,34200.0,-64.935293105481
2024-04-30 09:33:31,3265900.0,9.27,1995100.0,9.12,4339800.0,9.639,9.28,25800.0,9.27,500.0,9.29,45900.0,9.26,43600.0,-64.935293105481
2024-04-30 09:33:34,3269600.0,9.27,1999000.0,9.121,4391700.0,9.636,9.28,27700.0,9.27,400.0,9.29,54100.0,9.26,43600.0,-64.935293105481
2024-04-30 09:33:37,3271900.0,9.27,2012700.0,9.121,4419700.0,9.635,9.27,5800.0,9.26,33900.0,9.28,29800.0,9.25,84400.0,-64.935293105481
2024-04-30 09:33:40,3272600.0,9.27,2014100.0,9.121,4423500.0,9.635,9.27,7700.0,9.26,33800.0,9.28,30000.0,9.25,84400.0,-64.935293105481
2024-04-30 09:33:43,3282300.0,9.27,2036800.0,9.122,4431100.0,9.634,9.27,3600.0,9.26,32700.0,9.28,33800.0,9.25,104200.0,-75.79895522768999
2024-04-30 09:33:46,3297200.0,9.27,2043400.0,9.123,4441600.0,9.635,9.28,34700.0,9.27,3900.0,9.29,56000.0,9.26,35200.0,-54.141983908726
2024-04-30 09:33:49,3346800.0,9.26,1989000.0,9.119,4514100.0,9.63,9.26,50000.0,9.25,89900.0,9.27,800.0,9.24,54600.0,-54.141983908726
2024-04-30 09:33:52,3378900.0,9.26,1989800.0,9.119,4535700.0,9.629,9.26,32100.0,9.25,89900.0,9.27,3300.0,9.24,54600.0,-32.485139558313
2024-04-30 09:33:55,3388400.0,9.25,2012000.0,9.12,4580900.0,9.626,9.26,27100.0,9.25,89900.0,9.27,5300.0,9.24,68500.0,-43.29011089585399
2024-04-30 09:33:58,3398200.0,9.26,2005500.0,9.119,4609500.0,9.624,9.26,21500.0,9.25,88600.0,9.27,9600.0,9.24,68500.0,-54.141983908726
2024-04-30 09:34:01,3432765.0,9.26,2020535.0,9.12,4641600.0,9.623,9.27,10600.0,9.26,8935.0,9.28,39800.0,9.25,89300.0,-54.141983908726
2024-04-30 09:34:04,3434465.0,9.26,2036935.0,9.122,4662100.0,9.622,9.27,10400.0,9.26,39535.0,9.28,43200.0,9.25,89200.0,-64.935293105481
2024-04-30 09:34:07,3452865.0,9.27,2040435.0,9.122,4662000.0,9.622,9.28,43300.0,9.27,4500.0,9.29,67600.0,9.26,45535.0,-75.79895522768999
2024-04-30 09:34:10,3462065.0,9.27,2061235.0,9.124,4740500.0,9.618,9.28,39100.0,9.27,11200.0,9.29,74700.0,9.26,63935.0,-86.58062743114698
2024-04-30 09:34:13,3473265.0,9.28,2113035.0,9.127,4752700.0,9.618,9.28,36300.0,9.27,18600.0,9.29,75200.0,9.26,63935.0,-64.935293105481
2024-04-30 09:34:16,3500665.0,9.27,2125435.0,9.127,4759700.0,9.617,9.28,33300.0,9.27,18000.0,9.29,75600.0,9.26,54835.0,-75.716965308938
2024-04-30 09:34:19,3506965.0,9.28,2146535.0,9.128,4759400.0,9.618,9.28,26600.0,9.27,21400.0,9.29,74600.0,9.26,54835.0,-75.716965308938
2024-04-30 09:34:22,3511965.0,9.28,2155135.0,9.129,4774900.0,9.62,9.28,24300.0,9.27,22300.0,9.29,75500.0,9.26,60735.0,-86.58062743114698
2024-04-30 09:34:25,3513165.0,9.28,2162635.0,9.129,4812400.0,9.619,9.28,25500.0,9.27,33000.0,9.29,76500.0,9.26,61735.0,-86.58062743114698
2024-04-30 09:34:28,3515665.0,9.28,2166435.0,9.129,4865958.0,9.62,9.28,30100.0,9.27,36200.0,9.29,89600.0,9.26,61735.0,-75.79895522768999
2024-04-30 09:34:31,3526965.0,9.27,2166835.0,9.129,4888258.0,9.618,9.28,32200.0,9.27,31200.0,9.29,89800.0,9.26,67135.0,-64.935293105481
2024-04-30 09:34:34,3562065.0,9.27,2155735.0,9.128,4929358.0,9.617,9.28,31900.0,9.27,15000.0,9.29,94900.0,9.26,72735.0,-75.716965308938
2024-04-30 09:34:37,3562665.0,9.28,2159335.0,9.129,4965458.0,9.616,9.28,43900.0,9.27,18600.0,9.29,95300.0,9.26,72735.0,-86.58062743114698
2024-04-30 09:34:40,3583565.0,9.28,2140135.0,9.127,4990058.0,9.614,9.28,51800.0,9.27,9400.0,9.29,98600.0,9.26,67035.0,-64.935293105481
2024-04-30 09:34:43,3594265.0,9.27,2153835.0,9.126,5028858.0,9.612,9.27,2000.0,9.26,67035.0,9.28,70500.0,9.25,150200.0,-75.716965308938
2024-04-30 09:34:46,3608365.0,9.28,2141135.0,9.125,5059858.0,9.612,9.28,84400.0,9.26,54135.0,9.29,109300.0,9.25,150700.0,-64.935293105481
2024-04-30 09:34:49,3620565.0,9.27,2143935.0,9.126,5145658.0,9.606,9.27,50500.0,9.26,56935.0,9.28,87600.0,9.25,150700.0,-64.935293105481
2024-04-30 09:34:52,3630765.0,9.27,2158735.0,9.13,5187158.0,9.605,9.27,49800.0,9.26,59635.0,9.28,113600.0,9.25,176000.0,-64.935293105481
2024-04-30 09:34:55,3638765.0,9.27,2421835.0,9.144,5278458.0,9.614,9.27,43600.0,9.26,308935.0,9.28,117400.0,9.25,176000.0,-64.935293105481
2024-04-30 09:34:58,3690165.0,9.27,2427935.0,9.145,5260258.0,9.616,9.27,11000.0,9.26,314235.0,9.28,124400.0,9.25,176800.0,-54.141983908726
2024-04-30 09:35:01,3705865.0,9.26,2426135.0,9.144,5271958.0,9.616,9.28,128200.0,9.27,100.0,9.29,124300.0,9.26,312335.0,-64.935293105481
2024-04-30 09:35:04,3707465.0,9.27,2458935.0,9.146,5326458.0,9.613,9.28,132600.0,9.27,49900.0,9.29,124300.0,9.26,311535.0,-64.935293105481
2024-04-30 09:35:07,3737265.0,9.27,2442135.0,9.145,5344558.0,9.613,9.28,133600.0,9.27,33100.0,9.29,124300.0,9.26,311535.0,-64.935293105481
2024-04-30 09:35:10,3752965.0,9.27,2453735.0,9.146,5394658.0,9.611,9.28,141900.0,9.27,23100.0,9.29,124300.0,9.26,329435.0,-64.935293105481
2024-04-30 09:35:13,3775465.0,9.27,2455435.0,9.146,5417258.0,9.61,9.28,140600.0,9.27,24200.0,9.29,134300.0,9.26,329035.0,-64.935293105481
2024-04-30 09:35:16,3788965.0,9.27,2479035.0,9.147,5473858.0,9.607,9.28,149000.0,9.27,45100.0,9.29,175300.0,9.26,327235.0,-64.935293105481
2024-04-30 09:35:19,3791565.0,9.27,2477835.0,9.147,5460558.0,9.61,9.28,151700.0,9.27,51200.0,9.29,170900.0,9.26,327035.0,-64.935293105481
2024-04-30 09:35:22,3832365.0,9.27,2451935.0,9.146,5463158.0,9.611,9.28,135000.0,9.27,25900.0,9.29,171900.0,9.26,326235.0,-64.935293105481
2024-04-30 09:35:25,3852565.0,9.27,2432835.0,9.145,5512458.0,9.61,9.28,137300.0,9.27,7600.0,9.29,172100.0,9.26,326535.0,-75.716965308938
2024-04-30 09:35:28,3858865.0,9.28,2447135.0,9.145,5517458.0,9.61,9.28,133600.0,9.27,16700.0,9.29,172100.0,9.26,326535.0,-64.935293105481
2024-04-30 09:35:31,3883365.0,9.27,2464335.0,9.146,5536258.0,9.61,9.28,130700.0,9.27,31500.0,9.29,172100.0,9.26,328935.0,-64.935293105481
2024-04-30 09:35:34,3890165.0,9.27,2461635.0,9.146,5595058.0,9.607,9.28,125900.0,9.27,29000.0,9.29,232400.0,9.26,328735.0,-64.935293105481
2024-04-30 09:35:37,3900265.0,9.27,2457735.0,9.146,5653258.0,9.61,9.28,134800.0,9.27,27000.0,9.29,233900.0,9.26,328735.0,-75.79895522768999
2024-04-30 09:35:40,3902665.0,9.27,2482035.0,9.146,5678958.0,9.61,9.28,141300.0,9.27,41500.0,9.29,235900.0,9.26,328535.0,-75.79895522768999
2024-04-30 09:35:43,3909765.0,9.27,2482235.0,9.146,5698058.0,9.611,9.28,140200.0,9.27,43700.0,9.29,231900.0,9.26,324535.0,-75.716965308938
2024-04-30 09:35:46,3919465.0,9.28,2477535.0,9.146,5702858.0,9.61,9.28,139500.0,9.27,37000.0,9.29,237900.0,9.26,324535.0,-64.935293105481
2024-04-30 09:35:49,3919965.0,9.27,2484535.0,9.146,5737958.0,9.612,9.28,140000.0,9.27,35600.0,9.29,237900.0,9.26,324835.0,-75.716965308938
2024-04-30 09:35:52,3929365.0,9.28,2486235.0,9.146,5749958.0,9.613,9.28,137100.0,9.27,35600.0,9.29,237900.0,9.26,324835.0,-64.935293105481
2024-04-30 09:35:55,3977765.0,9.27,2454935.0,9.145,5796358.0,9.611,9.27,14500.0,9.26,329135.0,9.28,140800.0,9.25,164800.0,-64.935293105481
2024-04-30 09:35:58,4009865.0,9.27,2458435.0,9.145,5784958.0,9.613,9.27,6700.0,9.26,332135.0,9.28,120800.0,9.25,164800.0,-64.935293105481
2024-04-30 09:36:01,4020365.0,9.27,2475135.0,9.146,5855458.0,9.615,9.28,137900.0,9.27,1100.0,9.29,243400.0,9.26,335135.0,-64.935293105481
2024-04-30 09:36:04,4037165.0,9.27,2475735.0,9.145,5886358.0,9.614,9.27,8200.0,9.26,334135.0,9.28,152600.0,9.25,166300.0,-64.935293105481
2024-04-30 09:36:07,4044965.0,9.27,2472835.0,9.145,5916958.0,9.613,9.27,15000.0,9.26,336835.0,9.28,165900.0,9.25,166300.0,-64.935293105481
2024-04-30 09:36:10,4055765.0,9.27,2464535.0,9.145,5945458.0,9.611,9.27,37900.0,9.26,328535.0,9.28,165900.0,9.25,166300.0,-64.935293105481
2024-04-30 09:36:13,4113165.0,9.27,2470435.0,9.145,5906258.0,9.614,9.28,162300.0,9.27,700.0,9.29,244500.0,9.26,331735.0,-54.083420092609
2024-04-30 09:36:16,4122165.0,9.27,2467835.0,9.145,5923458.0,9.613,9.27,2500.0,9.26,329835.0,9.28,164900.0,9.25,166300.0,-64.935293105481
2024-04-30 09:36:19,4131465.0,9.27,2452135.0,9.144,5939558.0,9.613,9.27,7400.0,9.26,326035.0,9.28,166400.0,9.25,166300.0,-54.083420092609
2024-04-30 09:36:22,4137365.0,9.27,2404735.0,9.143,5953358.0,9.612,9.27,13900.0,9.26,323035.0,9.28,166400.0,9.25,166900.0,-54.141983908726
2024-04-30 09:36:25,4139065.0,9.26,2354335.0,9.141,5975358.0,9.611,9.27,28500.0,9.26,322535.0,9.28,169400.0,9.25,166900.0,-64.935293105481
2024-04-30 09:36:28,4140165.0,9.27,2354835.0,9.141,5998858.0,9.611,9.27,31400.0,9.26,324135.0,9.28,176600.0,9.25,165800.0,-43.29011089585399
2024-04-30 09:36:31,4152665.0,9.26,2342735.0,9.14,6029258.0,9.61,9.27,51300.0,9.26,313635.0,9.28,178500.0,9.25,166800.0,-54.141983908726
2024-04-30 09:36:34,4153765.0,9.26,2341935.0,9.14,6029358.0,9.61,9.27,56500.0,9.26,312535.0,9.28,177700.0,9.25,166800.0,-43.29011089585399
2024-04-30 09:36:37,4161465.0,9.26,2335235.0,9.14,6029458.0,9.61,9.27,62100.0,9.26,305335.0,9.28,177200.0,9.25,167600.0,-43.29011089585399
2024-04-30 09:36:40,4180365.0,9.26,2320435.0,9.139,6040358.0,9.609,9.27,64500.0,9.26,291835.0,9.28,183200.0,9.25,167600.0,-43.29011089585399
2024-04-30 09:36:43,4187865.0,9.26,2309935.0,9.139,6090258.0,9.607,9.27,98900.0,9.26,285335.0,9.28,183200.0,9.25,163600.0,-32.450001433272
2024-04-30 09:36:46,4189465.0,9.26,2308335.0,9.139,6116258.0,9.606,9.27,114000.0,9.26,283735.0,9.28,185200.0,9.25,163600.0,-32.450001433272
2024-04-30 09:36:49,4218165.0,9.26,2282135.0,9.137,6237858.0,9.6,9.27,233200.0,9.26,256035.0,9.28,187500.0,9.25,163600.0,-32.450001433272
2024-04-30 09:36:52,4225565.0,9.26,2285135.0,9.137,6339458.0,9.603,9.27,245600.0,9.26,258035.0,9.28,191000.0,9.25,163600.0,-32.450001433272
2024-04-30 09:36:55,4248565.0,9.26,2262235.0,9.136,6378458.0,9.603,9.27,250200.0,9.26,236135.0,9.28,186700.0,9.25,162300.0,-43.29011089585399
2024-04-30 09:36:58,4285265.0,9.26,2255535.0,9.136,6388758.0,9.602,9.27,249300.0,9.26,229435.0,9.28,186700.0,9.25,162300.0,-43.29011089585399
2024-04-30 09:37:01,4312765.0,9.26,2229435.0,9.134,6389158.0,9.602,9.27,248000.0,9.26,203335.0,9.28,187000.0,9.25,162300.0,-43.29011089585399
2024-04-30 09:37:04,4325865.0,9.26,2221635.0,9.134,6391458.0,9.602,9.27,249700.0,9.26,189535.0,9.28,187000.0,9.25,163300.0,-43.29011089585399
2024-04-30 09:37:07,4415065.0,9.26,2134135.0,9.128,6411058.0,9.602,9.27,252100.0,9.26,102035.0,9.28,188600.0,9.25,163300.0,-43.29011089585399
2024-04-30 09:37:10,4448065.0,9.26,2124135.0,9.127,6460258.0,9.601,9.27,246800.0,9.26,75235.0,9.28,191600.0,9.25,163300.0,-54.024982833484
2024-04-30 09:37:13,4771965.0,9.28,2347335.0,9.14,6206258.0,9.618,9.28,137000.0,9.27,225900.0,9.29,227600.0,9.26,70235.0,-54.024982833484
2024-04-30 09:37:16,4904465.0,9.28,2245735.0,9.134,6183758.0,9.62,9.28,113500.0,9.27,118100.0,9.29,227600.0,9.26,66435.0,-64.865092296066
2024-04-30 09:37:19,4908865.0,9.28,2230735.0,9.134,6181158.0,9.62,9.28,111100.0,9.27,104800.0,9.29,227600.0,9.26,65735.0,-43.243310630027
2024-04-30 09:37:22,4912865.0,9.27,2232535.0,9.133,6183458.0,9.62,9.28,111300.0,9.27,102800.0,9.29,228100.0,9.26,66135.0,-54.083420092609
2024-04-30 09:37:25,4913965.0,9.27,2234835.0,9.133,6174658.0,9.621,9.28,122200.0,9.27,104900.0,9.29,188100.0,9.26,66135.0,-64.865092296066
2024-04-30 09:37:28,4921165.0,9.28,2193035.0,9.131,6277358.0,9.615,9.28,167900.0,9.27,63900.0,9.29,237600.0,9.26,65735.0,-54.083420092609
2024-04-30 09:37:31,4924865.0,9.27,2206835.0,9.132,6284658.0,9.615,9.28,172200.0,9.27,76600.0,9.29,237600.0,9.26,66835.0,-54.024982833484
2024-04-30 09:37:34,4942165.0,9.28,2157035.0,9.129,6301458.0,9.614,9.28,175600.0,9.27,26500.0,9.29,238100.0,9.26,67135.0,-54.024982833484
2024-04-30 09:37:37,4948265.0,9.28,2157135.0,9.129,6338858.0,9.613,9.28,206600.0,9.27,25600.0,9.29,233400.0,9.26,68135.0,-43.243310630027
2024-04-30 09:37:40,4952865.0,9.27,2148135.0,9.128,6374258.0,9.611,9.28,206200.0,9.27,21600.0,9.29,261400.0,9.26,78535.0,-54.083420092609
2024-04-30 09:37:43,4955865.0,9.27,2157435.0,9.128,6377158.0,9.611,9.28,207800.0,9.27,20800.0,9.29,261400.0,9.26,78535.0,-64.865092296066
2024-04-30 09:37:46,4965565.0,9.28,2176935.0,9.129,6391658.0,9.61,9.28,215500.0,9.27,13600.0,9.29,261400.0,9.26,100535.0,-54.083420092609
2024-04-30 09:37:49,4974665.0,9.27,2167935.0,9.129,6427158.0,9.612,9.28,211300.0,9.27,11500.0,9.29,266400.0,9.26,92435.0,-54.024982833484
2024-04-30 09:37:52,5000765.0,9.28,2158435.0,9.128,6438158.0,9.612,9.28,218900.0,9.27,2100.0,9.29,266400.0,9.26,92335.0,-64.865092296066
2024-04-30 09:37:55,5005965.0,9.28,2163235.0,9.128,6435958.0,9.612,9.28,216300.0,9.27,5900.0,9.29,265700.0,9.26,92335.0,-54.083420092609
2024-04-30 09:37:58,5015065.0,9.27,2161935.0,9.128,6464158.0,9.612,9.27,2300.0,9.26,96935.0,9.28,229400.0,9.25,149600.0,-54.083420092609
2024-04-30 09:38:01,5031965.0,9.27,2200535.0,9.13,6475658.0,9.612,9.28,237600.0,9.27,19600.0,9.29,265700.0,9.26,99235.0,-64.865092296066
2024-04-30 09:38:04,5046365.0,9.28,2090435.0,9.126,6469058.0,9.612,9.28,224500.0,9.27,11400.0,9.29,265700.0,9.26,100335.0,-54.083420092609
2024-04-30 09:38:07,5048065.0,9.27,2110035.0,9.127,6500958.0,9.611,9.28,225900.0,9.27,26400.0,9.29,265700.0,9.26,104935.0,-75.716965308938
2024-04-30 09:38:10,5050865.0,9.28,2119735.0,9.128,6523758.0,9.61,9.28,230100.0,9.27,30400.0,9.29,265700.0,9.26,105335.0,-64.935293105481
2024-04-30 09:38:13,5061965.0,9.27,1986335.0,9.122,6547458.0,9.61,9.28,233000.0,9.27,26500.0,9.29,265700.0,9.26,106935.0,-64.865092296066
2024-04-30 09:38:16,5065665.0,9.28,1989435.0,9.122,6564058.0,9.609,9.28,234600.0,9.27,35600.0,9.29,265700.0,9.26,100935.0,-54.083420092609
2024-04-30 09:38:19,5138365.0,9.27,1993635.0,9.122,6515958.0,9.612,9.28,183100.0,9.27,34500.0,9.29,267000.0,9.26,104935.0,-64.865092296066
2024-04-30 09:38:22,5161665.0,9.28,2003835.0,9.123,6533858.0,9.611,9.28,172700.0,9.27,44700.0,9.29,270000.0,9.26,104935.0,-54.083420092609
2024-04-30 09:38:25,5167165.0,9.27,2031935.0,9.125,6557258.0,9.611,9.28,184300.0,9.27,55500.0,9.29,270000.0,9.26,101935.0,-64.865092296066
2024-04-30 09:38:28,5207865.0,9.28,2054235.0,9.126,6523458.0,9.612,9.28,145500.0,9.27,65800.0,9.29,270000.0,9.26,113935.0,-54.083420092609
2024-04-30 09:38:31,5267465.0,9.27,2008835.0,9.123,6523158.0,9.612,9.28,146400.0,9.27,21800.0,9.29,269000.0,9.26,113935.0,-64.865092296066
2024-04-30 09:38:34,5284065.0,9.28,1995135.0,9.122,6523758.0,9.613,9.28,147900.0,9.27,7100.0,9.29,242000.0,9.26,114935.0,-64.865092296066
2024-04-30 09:38:37,5289265.0,9.28,2004035.0,9.123,6492558.0,9.615,9.28,144100.0,9.27,15700.0,9.29,242000.0,9.26,114935.0,-75.716965308938
2024-04-30 09:38:40,5289265.0,9.28,2022535.0,9.124,6442158.0,9.618,9.28,144300.0,9.27,33700.0,9.29,182500.0,9.26,114935.0,-86.58062743114698
2024-04-30 09:38:43,5439065.0,9.28,2025135.0,9.124,6299958.0,9.625,9.29,182500.0,9.28,12500.0,9.3,408500.0,9.27,39500.0,-64.865092296066
2024-04-30 09:38:46,5471565.0,9.28,2023235.0,9.124,6289358.0,9.626,9.29,162600.0,9.28,7000.0,9.3,409500.0,9.27,40000.0,-86.48702558531699
2024-04-30 09:38:49,5476465.0,9.29,2059035.0,9.127,6306958.0,9.626,9.29,160700.0,9.28,33100.0,9.3,410100.0,9.27,52900.0,-75.716965308938
2024-04-30 09:38:52,5482665.0,9.28,2064535.0,9.127,6313658.0,9.626,9.29,160700.0,9.28,31700.0,9.3,411100.0,9.27,60900.0,-86.48702558531699
2024-04-30 09:38:55,5487665.0,9.29,2070935.0,9.128,6311358.0,9.626,9.29,161000.0,9.28,44900.0,9.3,411400.0,9.27,60500.0,-75.716965308938
2024-04-30 09:38:58,5489965.0,9.28,2071935.0,9.128,6307158.0,9.626,9.29,159300.0,9.28,45900.0,9.3,411400.0,9.27,60700.0,-75.716965308938
2024-04-30 09:39:01,5492465.0,9.28,2074735.0,9.129,6317358.0,9.626,9.29,165800.0,9.28,46200.0,9.3,411400.0,9.27,69900.0,-97.35068770752599
2024-04-30 09:39:04,5505265.0,9.29,2116835.0,9.132,6317158.0,9.626,9.29,155000.0,9.28,88800.0,9.3,413400.0,9.27,69800.0,-86.48702558531699
2024-04-30 09:39:07,5513465.0,9.29,2102135.0,9.131,6323758.0,9.626,9.29,162000.0,9.28,96300.0,9.3,413000.0,9.27,69800.0,-75.716965308938
2024-04-30 09:39:10,5538565.0,9.28,2106635.0,9.131,6347558.0,9.625,9.29,169800.0,9.28,79600.0,9.3,413000.0,9.27,90300.0,-86.48702558531699
2024-04-30 09:39:13,5564365.0,9.29,2104535.0,9.132,6327458.0,9.627,9.29,144200.0,9.28,81500.0,9.3,413200.0,9.27,90800.0,-75.716965308938
2024-04-30 09:39:16,5587465.0,9.28,2096535.0,9.131,6333058.0,9.627,9.29,139700.0,9.28,76900.0,9.3,413700.0,9.27,76400.0,-86.48702558531699
2024-04-30 09:39:19,5621565.0,9.29,2071335.0,9.129,6338258.0,9.627,9.29,139200.0,9.28,51500.0,9.3,413700.0,9.27,74600.0,-75.716965308938
2024-04-30 09:39:22,5642065.0,9.28,2077635.0,9.13,6376958.0,9.626,9.29,124600.0,9.28,57400.0,9.3,414200.0,9.27,74600.0,-86.48702558531699
2024-04-30 09:39:25,5650865.0,9.29,2081235.0,9.13,6375658.0,9.626,9.29,120300.0,9.28,54200.0,9.3,415400.0,9.27,74600.0,-75.716965308938
2024-04-30 09:39:28,5652065.0,9.28,2097935.0,9.131,6400558.0,9.625,9.29,146300.0,9.28,56900.0,9.3,417300.0,9.27,75800.0,-97.35068770752599
2024-04-30 09:39:31,5654365.0,9.29,2097435.0,9.131,6394758.0,9.625,9.29,146400.0,9.28,66200.0,9.3,422300.0,9.27,75800.0,-97.35068770752599
2024-04-30 09:39:34,5658265.0,9.29,2127635.0,9.133,6408158.0,9.625,9.29,151300.0,9.28,86100.0,9.3,426600.0,9.27,85600.0,-86.58062743114698
2024-04-30 09:39:37,5659165.0,9.28,2124135.0,9.133,6411458.0,9.625,9.29,151300.0,9.28,81800.0,9.3,426500.0,9.27,92900.0,-86.58062743114698
2024-04-30 09:39:40,5701865.0,9.28,2087235.0,9.13,6428358.0,9.624,9.29,153200.0,9.28,45600.0,9.3,428200.0,9.27,92000.0,-75.716965308938
2024-04-30 09:39:43,5741365.0,9.28,2068535.0,9.129,6441658.0,9.624,9.29,150500.0,9.28,22900.0,9.3,429200.0,9.27,95900.0,-86.48702558531699
2024-04-30 09:39:46,5757565.0,9.29,2060235.0,9.128,6497758.0,9.621,9.29,202500.0,9.28,13100.0,9.3,430300.0,9.27,95900.0,-75.716965308938
2024-04-30 09:39:49,5765165.0,9.28,2080135.0,9.13,6531358.0,9.62,9.29,207700.0,9.28,24000.0,9.3,432700.0,9.27,105900.0,-75.716965308938
2024-04-30 09:39:52,5805365.0,9.28,2059535.0,9.128,6522758.0,9.62,9.28,800.0,9.27,101600.0,9.29,219600.0,9.26,124835.0,-75.716965308938
2024-04-30 09:39:55,5805965.0,9.28,2063435.0,9.128,6547158.0,9.619,9.28,6700.0,9.27,102500.0,9.29,221500.0,9.26,124835.0,-64.935293105481
2024-04-30 09:39:58,5810365.0,9.27,2064035.0,9.128,6565358.0,9.619,9.28,9300.0,9.27,99000.0,9.29,221500.0,9.26,124835.0,-75.716965308938
2024-04-30 09:40:01,5818265.0,9.28,2066335.0,9.128,6553158.0,9.62,9.28,14700.0,9.27,101300.0,9.29,223900.0,9.26,124835.0,-64.935293105481
2024-04-30 09:40:04,5819265.0,9.27,2045535.0,9.127,6594858.0,9.618,9.28,28700.0,9.27,103800.0,9.29,249500.0,9.26,129535.0,-75.716965308938
2024-04-30 09:40:07,5820665.0,9.28,2023635.0,9.125,6626758.0,9.616,9.28,36400.0,9.27,111900.0,9.29,249600.0,9.26,99535.0,-86.58062743114698
2024-04-30 09:40:10,5820665.0,9.28,2027435.0,9.126,6645458.0,9.616,9.28,38400.0,9.27,115400.0,9.29,250600.0,9.26,99535.0,-75.716965308938
2024-04-30 09:40:13,5828765.0,9.28,2027335.0,9.126,6678758.0,9.615,9.28,35000.0,9.27,115300.0,9.29,261200.0,9.26,99535.0,-75.716965308938
2024-04-30 09:40:16,5837965.0,9.28,2040335.0,9.126,6680258.0,9.615,9.28,33000.0,9.27,114200.0,9.29,263600.0,9.26,103035.0,-75.716965308938
2024-04-30 09:40:19,5846865.0,9.28,2036235.0,9.126,6706258.0,9.614,9.28,25600.0,9.27,105100.0,9.29,275300.0,9.26,103035.0,-75.79895522768999
2024-04-30 09:40:22,5880965.0,9.27,2003935.0,9.124,6816958.0,9.609,9.28,137000.0,9.27,74800.0,9.29,273300.0,9.26,103035.0,-64.935293105481
2024-04-30 09:40:25,5961365.0,9.27,1924235.0,9.118,6924758.0,9.603,9.27,93900.0,9.26,104735.0,9.28,144400.0,9.25,123100.0,-54.141983908726
2024-04-30 09:40:28,5975965.0,9.26,1913335.0,9.117,6934158.0,9.603,9.27,91900.0,9.26,93835.0,9.28,155600.0,9.25,123100.0,-75.79895522768999
2024-04-30 09:40:31,5986065.0,9.27,1915835.0,9.117,6957058.0,9.602,9.27,106000.0,9.26,95335.0,9.28,155600.0,9.25,123100.0,-75.79895522768999
2024-04-30 09:40:34,5992565.0,9.27,1913735.0,9.117,6941558.0,9.603,9.27,82100.0,9.26,92035.0,9.28,160600.0,9.25,123400.0,-64.935293105481
2024-04-30 09:40:37,5997865.0,9.27,1914935.0,9.117,6912558.0,9.604,9.27,56600.0,9.26,93135.0,9.28,161600.0,9.25,124500.0,-86.58062743114698
2024-04-30 09:40:40,6036165.0,9.28,1931035.0,9.118,6691658.0,9.616,9.28,39700.0,9.27,8800.0,9.29,223200.0,9.26,100935.0,-64.935293105481
2024-04-30 09:40:43,6046165.0,9.27,1926635.0,9.118,6697358.0,9.615,9.28,41700.0,9.27,4400.0,9.29,223200.0,9.26,100935.0,-75.716965308938
2024-04-30 09:40:46,6064865.0,9.28,1950835.0,9.12,6714558.0,9.615,9.28,55400.0,9.27,17100.0,9.29,226400.0,9.26,112535.0,-64.935293105481
2024-04-30 09:40:49,6068565.0,9.27,1956435.0,9.12,6720358.0,9.614,9.28,55400.0,9.27,23300.0,9.29,231300.0,9.26,111935.0,-75.716965308938
2024-04-30 09:40:52,6069765.0,9.28,2015835.0,9.124,6747358.0,9.613,9.28,69400.0,9.27,24400.0,9.29,238100.0,9.26,169935.0,-86.58062743114698
2024-04-30 09:40:55,6069765.0,9.28,2030335.0,9.125,6797958.0,9.613,9.28,72400.0,9.27,43900.0,9.29,266300.0,9.26,163935.0,-75.79895522768999
2024-04-30 09:40:58,6078265.0,9.27,2059135.0,9.127,6806258.0,9.613,9.28,73100.0,9.27,57000.0,9.29,266300.0,9.26,184035.0,-75.79895522768999
2024-04-30 09:41:01,6079465.0,9.27,2068835.0,9.128,6829358.0,9.613,9.28,84700.0,9.27,64800.0,9.29,270700.0,9.26,184035.0,-86.58062743114698
2024-04-30 09:41:04,6113165.0,9.28,2056735.0,9.127,6839058.0,9.613,9.28,91300.0,9.27,32500.0,9.29,271300.0,9.26,183535.0,-75.716965308938
2024-04-30 09:41:07,6116165.0,9.28,2062035.0,9.127,6831358.0,9.613,9.28,94700.0,9.27,32200.0,9.29,270900.0,9.26,183535.0,-75.79895522768999
2024-04-30 09:41:10,6169365.0,9.27,2073435.0,9.128,6783058.0,9.615,9.28,48800.0,9.27,38500.0,9.29,270600.0,9.26,188335.0,-75.79895522768999
2024-04-30 09:41:13,6183465.0,9.27,2062335.0,9.127,6798858.0,9.615,9.28,55500.0,9.27,27100.0,9.29,271600.0,9.26,188335.0,-75.79895522768999
2024-04-30 09:41:16,6183465.0,9.27,2073035.0,9.128,6827658.0,9.615,9.28,68700.0,9.27,27300.0,9.29,273000.0,9.26,188335.0,-75.79895522768999
2024-04-30 09:41:19,6190365.0,9.27,2089835.0,9.129,6830058.0,9.615,9.28,64200.0,9.27,53000.0,9.29,273000.0,9.26,188435.0,-75.79895522768999
2024-04-30 09:41:22,6192365.0,9.27,2136735.0,9.132,6852158.0,9.614,9.28,75000.0,9.27,98900.0,9.29,273500.0,9.26,189435.0,-75.79895522768999
2024-04-30 09:41:25,6192365.0,9.27,2138735.0,9.132,6855958.0,9.614,9.28,75000.0,9.27,100600.0,9.29,273500.0,9.26,189535.0,-75.79895522768999
2024-04-30 09:41:28,6194365.0,9.27,2158735.0,9.133,6875258.0,9.615,9.28,75900.0,9.27,120100.0,9.29,281400.0,9.26,190035.0,-75.79895522768999
2024-04-30 09:41:31,6203865.0,9.27,2163335.0,9.134,6876258.0,9.615,9.28,74500.0,9.27,113700.0,9.29,281400.0,9.26,197735.0,-54.141983908726
2024-04-30 09:41:34,6325265.0,9.26,2043335.0,9.126,6911158.0,9.613,9.27,27700.0,9.26,191335.0,9.28,75600.0,9.25,118100.0,-64.935293105481
2024-04-30 09:41:37,6329265.0,9.27,2039635.0,9.125,6935858.0,9.612,9.27,49700.0,9.26,192635.0,9.28,75600.0,9.25,113100.0,-65.005646030935
2024-04-30 09:41:40,6333165.0,9.26,2016335.0,9.124,6964358.0,9.61,9.27,76900.0,9.26,188735.0,9.28,75600.0,9.25,113100.0,-65.005646030935
2024-04-30 09:41:43,6343065.0,9.26,2008535.0,9.123,7027258.0,9.61,9.27,76400.0,9.26,179935.0,9.28,78100.0,9.25,113100.0,-65.005646030935
2024-04-30 09:41:46,6347265.0,9.26,2000635.0,9.123,7051258.0,9.609,9.27,86000.0,9.26,177035.0,9.28,84800.0,9.25,113100.0,-65.005646030935
2024-04-30 09:41:49,6355765.0,9.26,1962735.0,9.121,7056058.0,9.609,9.27,87400.0,9.26,169235.0,9.28,84800.0,9.25,82600.0,-54.20067469339399
2024-04-30 09:41:52,6560200.0,9.25,1769300.0,9.106,7366358.0,9.594,9.26,255500.0,9.25,58700.0,9.27,119700.0,9.24,76700.0,-54.259492859971004
2024-04-30 09:41:55,6626800.0,9.24,1694100.0,9.1,7427758.0,9.591,9.25,125700.0,9.24,70200.0,9.26,189000.0,9.23,153900.0,-43.384015985981
2024-04-30 09:41:58,6674400.0,9.24,1652100.0,9.096,7479658.0,9.59,9.25,133900.0,9.24,23200.0,9.26,187700.0,9.23,153900.0,-43.384015985981
2024-04-30 09:42:01,6698800.0,9.24,1628900.0,9.094,7459258.0,9.59,9.24,5000.0,9.23,153900.0,9.25,133800.0,9.22,81500.0,-43.384015985981
2024-04-30 09:42:04,6701800.0,9.24,1629800.0,9.094,7489158.0,9.59,9.24,40900.0,9.23,154700.0,9.25,119000.0,9.22,81500.0,-54.259492859971004
2024-04-30 09:42:07,6711000.0,9.24,1635400.0,9.095,7481158.0,9.591,9.24,26900.0,9.23,158300.0,9.25,124800.0,9.22,81500.0,-32.520353863771
2024-04-30 09:42:10,6733600.0,9.24,1632600.0,9.095,7493358.0,9.592,9.24,16800.0,9.23,157400.0,9.25,124800.0,9.22,81500.0,-54.259492859971004
2024-04-30 09:42:13,6753400.0,9.24,1636000.0,9.095,7475358.0,9.593,9.24,800.0,9.23,158200.0,9.25,124700.0,9.22,81300.0,-54.259492859971004
2024-04-30 09:42:16,6758100.0,9.24,1632200.0,9.095,7488158.0,9.593,9.24,5400.0,9.23,153400.0,9.25,134500.0,9.22,81300.0,-54.259492859971004
2024-04-30 09:42:19,6777700.0,9.24,1617800.0,9.093,7492358.0,9.593,9.24,7200.0,9.23,134700.0,9.25,134500.0,9.22,81300.0,-43.384015985981
2024-04-30 09:42:22,6787200.0,9.24,1629300.0,9.094,7516858.0,9.592,9.24,12700.0,9.23,146200.0,9.25,136100.0,9.22,81300.0,-43.43112147165299
2024-04-30 09:42:25,6843900.0,9.23,1639200.0,9.095,7481858.0,9.593,9.24,37500.0,9.23,150000.0,9.25,77400.0,9.22,81300.0,-54.259492859971004
2024-04-30 09:42:28,6887800.0,9.24,1611900.0,9.093,7492658.0,9.593,9.24,38300.0,9.23,122100.0,9.25,77400.0,9.22,81300.0,-54.259492859971004
2024-04-30 09:42:31,6892400.0,9.24,1612100.0,9.093,7511758.0,9.592,9.24,36900.0,9.23,122200.0,9.25,78400.0,9.22,81300.0,-54.259492859971004
2024-04-30 09:42:34,6935800.0,9.24,1670500.0,9.098,7476558.0,9.594,9.25,78400.0,9.24,59200.0,9.26,178700.0,9.23,124300.0,-54.259492859971004
2024-04-30 09:42:37,6939600.0,9.24,1672400.0,9.098,7480658.0,9.594,9.25,79100.0,9.24,55400.0,9.26,174600.0,9.23,129800.0,-54.259492859971004
2024-04-30 09:42:40,6949400.0,9.24,1674000.0,9.098,7582458.0,9.589,9.25,130300.0,9.24,55700.0,9.26,174600.0,9.23,129600.0,-54.259492859971004
2024-04-30 09:42:43,6962400.0,9.24,1671300.0,9.097,7601158.0,9.589,9.25,130300.0,9.24,44200.0,9.26,174600.0,9.23,131500.0,-54.259492859971004
2024-04-30 09:42:46,6976600.0,9.24,1667900.0,9.097,7590458.0,9.589,9.25,131100.0,9.24,34400.0,9.26,174600.0,9.23,134900.0,-54.259492859971004
2024-04-30 09:42:49,7013600.0,9.24,1642400.0,9.095,7597558.0,9.589,9.25,131900.0,9.24,5400.0,9.26,177100.0,9.23,135400.0,-54.259492859971004
2024-04-30 09:42:52,7022300.0,9.24,1639400.0,9.094,7626158.0,9.588,9.24,42900.0,9.23,137800.0,9.25,133400.0,9.22,79600.0,-54.259492859971004
2024-04-30 09:42:55,7022400.0,9.24,1641300.0,9.095,7634258.0,9.588,9.24,50700.0,9.23,139300.0,9.25,133400.0,9.22,79600.0,-54.259492859971004
2024-04-30 09:42:58,7022400.0,9.24,1639200.0,9.095,7535358.0,9.592,9.24,53700.0,9.23,140200.0,9.25,133400.0,9.22,79600.0,-43.43112147165299
2024-04-30 09:43:01,7039700.0,9.23,1628000.0,9.094,7549558.0,9.592,9.24,55000.0,9.23,129000.0,9.25,133400.0,9.22,79600.0,-54.259492859971004
2024-04-30 09:43:04,7044900.0,9.24,1628800.0,9.094,7565458.0,9.591,9.24,75400.0,9.23,129800.0,9.25,133400.0,9.22,79600.0,-43.43112147165299
2024-04-30 09:43:07,7051200.0,9.23,1638300.0,9.094,7586258.0,9.59,9.24,91500.0,9.23,127800.0,9.25,133300.0,9.22,80600.0,-32.555644597661995
2024-04-30 09:43:10,7056800.0,9.23,1634700.0,9.094,7557858.0,9.592,9.24,83800.0,9.23,123200.0,9.25,137800.0,9.22,80600.0,-32.555644597661995
2024-04-30 09:43:13,7063700.0,9.23,1629400.0,9.093,7576758.0,9.591,9.24,95700.0,9.23,116900.0,9.25,143800.0,9.22,80600.0,-32.555644597661995
2024-04-30 09:43:16,7182600.0,9.23,1515500.0,9.083,7647458.0,9.588,9.23,35000.0,9.22,80600.0,9.24,98700.0,9.21,39900.0,-32.555644597661995
2024-04-30 09:43:19,7229900.0,9.23,1472800.0,9.079,7698058.0,9.586,9.23,92400.0,9.22,37400.0,9.24,91700.0,9.21,39900.0,-21.715535135080003
2024-04-30 09:43:22,7269100.0,9.22,1435900.0,9.075,7687358.0,9.586,9.22,5600.0,9.21,40400.0,9.23,90500.0,9.2,89500.0,-21.715535135080003
2024-04-30 09:43:25,7272600.0,9.22,1436300.0,9.075,7708658.0,9.585,9.22,31100.0,9.21,40800.0,9.23,90500.0,9.2,89500.0,-21.715535135080003
2024-04-30 09:43:28,7275200.0,9.22,1442700.0,9.075,7712858.0,9.586,9.22,30300.0,9.21,43600.0,9.23,90500.0,9.2,92500.0,-10.863662122209
2024-04-30 09:43:31,7282100.0,9.21,1457100.0,9.077,7674058.0,9.587,9.22,25600.0,9.21,47500.0,9.23,89200.0,9.2,102000.0,-32.591012009070994
2024-04-30 09:43:34,7284100.0,9.22,1473500.0,9.078,7702258.0,9.586,9.22,43000.0,9.21,56700.0,9.23,90200.0,9.2,109100.0,-32.591012009070994
2024-04-30 09:43:37,7309400.0,9.22,1472700.0,9.078,7704658.0,9.586,9.22,41900.0,9.21,52300.0,9.23,90200.0,9.2,114600.0,-21.715535135080003
2024-04-30 09:43:40,7309400.0,9.22,1478900.0,9.079,7728258.0,9.584,9.22,43400.0,9.21,69700.0,9.23,86800.0,9.2,110000.0,-32.591012009070994
2024-04-30 09:43:43,7316000.0,9.22,1392900.0,9.072,7744258.0,9.584,9.22,60500.0,9.21,81700.0,9.23,85800.0,9.2,112000.0,-21.739138996199
2024-04-30 09:43:46,7345200.0,9.21,1390500.0,9.072,7739158.0,9.584,9.22,59900.0,9.21,76500.0,9.23,85800.0,9.2,114800.0,-10.863662122209
2024-04-30 09:43:49,7393000.0,9.21,1373400.0,9.07,7706658.0,9.585,9.22,27300.0,9.21,68700.0,9.23,85800.0,9.2,111600.0,-21.739138996199
2024-04-30 09:43:52,7399300.0,9.21,1399900.0,9.073,7754358.0,9.584,9.22,23300.0,9.21,72100.0,9.23,88000.0,9.2,123600.0,-21.739138996199
2024-04-30 09:43:55,7409000.0,9.21,1408500.0,9.073,7768558.0,9.583,9.22,24100.0,9.21,73300.0,9.23,94500.0,9.2,123400.0,-21.739138996199
2024-04-30 09:43:58,7419400.0,9.21,1442400.0,9.076,7820458.0,9.581,9.22,49600.0,9.21,92300.0,9.23,94500.0,9.2,123400.0,-32.591012009070994
2024-04-30 09:44:01,7422600.0,9.22,1462800.0,9.077,7813258.0,9.582,9.22,48900.0,9.21,110000.0,9.23,95000.0,9.2,121900.0,-21.739138996199
2024-04-30 09:44:04,7428700.0,9.21,1458500.0,9.077,7829958.0,9.581,9.22,48300.0,9.21,104700.0,9.23,115000.0,9.2,122900.0,-21.739138996199
2024-04-30 09:44:07,7446300.0,9.21,1481900.0,9.079,7801658.0,9.582,9.22,36800.0,9.21,125100.0,9.23,102800.0,9.2,122900.0,-32.591012009070994
2024-04-30 09:44:10,7483700.0,9.22,1503600.0,9.08,7812858.0,9.582,9.23,99900.0,9.22,13900.0,9.24,58100.0,9.21,122800.0,-32.591012009070994
2024-04-30 09:44:13,7490300.0,9.22,1547600.0,9.084,7778458.0,9.584,9.23,73800.0,9.22,52800.0,9.24,56400.0,9.21,127700.0,-21.715535135080003
2024-04-30 09:44:16,7500500.0,9.22,1552700.0,9.084,7793958.0,9.587,9.23,74000.0,9.22,58200.0,9.24,47500.0,9.21,127200.0,-32.591012009070994
2024-04-30 09:44:19,7504400.0,9.22,1563000.0,9.085,7797658.0,9.587,9.23,72700.0,9.22,56100.0,9.24,43500.0,9.21,136000.0,-32.591012009070994
2024-04-30 09:44:22,7508700.0,9.22,1562400.0,9.085,7819158.0,9.586,9.23,72700.0,9.22,53800.0,9.24,58500.0,9.21,137100.0,-32.591012009070994
2024-04-30 09:44:25,7512500.0,9.22,1557900.0,9.084,7839758.0,9.586,9.23,72900.0,9.22,51600.0,9.24,58500.0,9.21,136400.0,-32.591012009070994
2024-04-30 09:44:28,7519700.0,9.22,1567900.0,9.085,7835358.0,9.586,9.23,65700.0,9.22,51300.0,9.24,58500.0,9.21,139600.0,-43.43112147165299
2024-04-30 09:44:31,7528900.0,9.23,1549600.0,9.083,7824758.0,9.586,9.23,59600.0,9.22,31900.0,9.24,51700.0,9.21,140500.0,-32.591012009070994
2024-04-30 09:44:34,7537500.0,9.22,1539300.0,9.082,7832958.0,9.586,9.23,68400.0,9.22,18400.0,9.24,51700.0,9.21,141500.0,-32.591012009070994
2024-04-30 09:44:37,7553300.0,9.22,1526000.0,9.081,7849058.0,9.585,9.23,67000.0,9.22,11500.0,9.24,61700.0,9.21,133500.0,-54.318438823619
2024-04-30 09:44:40,7557600.0,9.23,1527500.0,9.081,7983858.0,9.581,9.23,66400.0,9.22,8600.0,9.24,61700.0,9.21,134900.0,-32.626456348165
2024-04-30 09:44:43,7592000.0,9.21,1533100.0,9.081,8159358.0,9.573,9.22,155400.0,9.21,129100.0,9.23,67100.0,9.2,125600.0,-43.478329361037
2024-04-30 09:44:46,7597100.0,9.22,1540700.0,9.082,8187558.0,9.572,9.22,181600.0,9.21,131300.0,9.23,67100.0,9.2,124800.0,-32.591012009070994
2024-04-30 09:44:49,7599200.0,9.22,1543000.0,9.081,8187958.0,9.572,9.22,180100.0,9.21,131600.0,9.23,67100.0,9.2,124800.0,-32.626456348165
2024-04-30 09:44:52,7607500.0,9.21,1545000.0,9.082,8189058.0,9.572,9.22,179000.0,9.21,131100.0,9.23,66700.0,9.2,126800.0,-32.626456348165
2024-04-30 09:44:55,7608500.0,9.21,1548900.0,9.082,8191358.0,9.572,9.22,180400.0,9.21,131100.0,9.23,66700.0,9.2,126800.0,-21.739138996199
2024-04-30 09:44:58,7625500.0,9.21,1540800.0,9.081,8188758.0,9.572,9.22,167800.0,9.21,120500.0,9.23,66700.0,9.2,127400.0,-21.739138996199
2024-04-30 09:45:01,7630200.0,9.21,1549200.0,9.081,8193358.0,9.572,9.22,137500.0,9.21,118000.0,9.23,66700.0,9.2,129900.0,-32.626456348165
2024-04-30 09:45:04,7644500.0,9.21,1545700.0,9.081,8196958.0,9.572,9.22,136200.0,9.21,113000.0,9.23,66700.0,9.2,129900.0,-32.626456348165
2024-04-30 09:45:07,7645100.0,9.21,1547200.0,9.081,8203458.0,9.571,9.22,137700.0,9.21,112400.0,9.23,67700.0,9.2,129900.0,-32.626456348165
2024-04-30 09:45:10,7666700.0,9.21,1539700.0,9.08,8201658.0,9.571,9.22,140200.0,9.21,97400.0,9.23,71300.0,9.2,131200.0,-32.626456348165
2024-04-30 09:45:13,7758500.0,9.21,1523600.0,9.078,8145858.0,9.574,9.22,74800.0,9.21,81100.0,9.23,69800.0,9.2,130600.0,-32.626456348165
2024-04-30 09:45:16,7763600.0,9.21,1523700.0,9.078,8153358.0,9.573,9.22,82600.0,9.21,78800.0,9.23,69800.0,9.2,130600.0,-32.626456348165
2024-04-30 09:45:19,7765300.0,9.21,1561100.0,9.08,8172458.0,9.573,9.22,87900.0,9.21,96700.0,9.23,69800.0,9.2,131800.0,-32.626456348165
2024-04-30 09:45:22,7766300.0,9.21,1575800.0,9.08,8172558.0,9.573,9.22,86900.0,9.21,98200.0,9.23,69800.0,9.2,131800.0,-32.626456348165
2024-04-30 09:45:25,7768600.0,9.21,1576900.0,9.08,8170358.0,9.573,9.22,86900.0,9.21,98300.0,9.23,59800.0,9.2,132800.0,-32.626456348165
2024-04-30 09:45:28,7794000.0,9.21,1597700.0,9.08,8140558.0,9.574,9.22,68100.0,9.21,93300.0,9.23,59800.0,9.2,132800.0,-21.739138996199
2024-04-30 09:45:31,7796900.0,9.21,1608800.0,9.081,8146358.0,9.574,9.22,66600.0,9.21,104300.0,9.23,60700.0,9.2,130200.0,-43.478329361037
2024-04-30 09:45:34,7798900.0,9.22,1636700.0,9.083,8140358.0,9.574,9.22,64600.0,9.21,128600.0,9.23,60700.0,9.2,130700.0,-21.739138996199
2024-04-30 09:45:37,7802200.0,9.21,1639900.0,9.083,8155258.0,9.574,9.22,64100.0,9.21,126800.0,9.23,60700.0,9.2,130700.0,-32.626456348165
2024-04-30 09:45:40,7809600.0,9.21,1643500.0,9.083,8156458.0,9.573,9.22,64400.0,9.21,119900.0,9.23,60700.0,9.2,131600.0,-43.478329361037
2024-04-30 09:45:43,7833000.0,9.22,1639600.0,9.083,8157458.0,9.573,9.22,63100.0,9.21,98900.0,9.23,60700.0,9.2,131400.0,-43.478329361037
2024-04-30 09:45:46,7867900.0,9.22,1641200.0,9.083,8120658.0,9.575,9.22,31100.0,9.21,100600.0,9.23,60700.0,9.2,132400.0,-43.478329361037
2024-04-30 09:45:49,7903900.0,9.22,1612200.0,9.08,8114158.0,9.574,9.22,26100.0,9.21,70800.0,9.23,60900.0,9.2,132700.0,-43.478329361037
2024-04-30 09:45:52,7904800.0,9.22,1627500.0,9.081,8124258.0,9.574,9.22,31400.0,9.21,72900.0,9.23,60900.0,9.2,132900.0,-32.626456348165
2024-04-30 09:45:55,7915300.0,9.21,1653100.0,9.083,8116758.0,9.574,9.22,20800.0,9.21,91900.0,9.23,63100.0,9.2,142900.0,-43.478329361037
2024-04-30 09:45:58,7921200.0,9.22,1657000.0,9.084,8124058.0,9.574,9.22,15600.0,9.21,94800.0,9.23,64400.0,9.2,142900.0,-32.626456348165
2024-04-30 09:46:01,7922100.0,9.21,1662200.0,9.084,8134958.0,9.573,9.22,21200.0,9.21,97000.0,9.23,64400.0,9.2,143600.0,-43.478329361037
2024-04-30 09:46:04,7924100.0,9.22,1668700.0,9.084,8142658.0,9.573,9.22,20900.0,9.21,97000.0,9.23,64400.0,9.2,148600.0,-32.626456348165
2024-04-30 09:46:07,7925200.0,9.21,1667100.0,9.084,8156958.0,9.573,9.22,23700.0,9.21,94500.0,9.23,64400.0,9.2,147600.0,-43.478329361037
2024-04-30 09:46:10,7927000.0,9.22,1677500.0,9.084,8164758.0,9.572,9.22,27800.0,9.21,93900.0,9.23,64400.0,9.2,147600.0,-43.478329361037
2024-04-30 09:46:13,7929800.0,9.22,1685000.0,9.085,8161958.0,9.572,9.22,27100.0,9.21,101500.0,9.23,64400.0,9.2,145500.0,-32.626456348165
2024-04-30 09:46:16,7929900.0,9.21,1702000.0,9.085,8167158.0,9.572,9.22,32500.0,9.21,103500.0,9.23,64400.0,9.2,150500.0,-43.478329361037
2024-04-30 09:46:19,7943400.0,9.22,1715100.0,9.085,8167658.0,9.572,9.22,31100.0,9.21,110600.0,9.23,64400.0,9.2,151500.0,-43.478329361037
2024-04-30 09:46:22,7946200.0,9.22,1717000.0,9.086,8172158.0,9.572,9.22,34400.0,9.21,114000.0,9.23,64600.0,9.2,153500.0,-43.478329361037
2024-04-30 09:46:25,7947900.0,9.22,1721700.0,9.086,8201858.0,9.571,9.22,33300.0,9.21,116500.0,9.23,64600.0,9.2,154000.0,-43.478329361037
2024-04-30 09:46:28,7951500.0,9.22,1726900.0,9.086,8198258.0,9.572,9.22,38600.0,9.21,121700.0,9.23,64600.0,9.2,154000.0,-43.478329361037
2024-04-30 09:46:31,7959100.0,9.22,1727600.0,9.086,8178358.0,9.572,9.22,33500.0,9.21,122700.0,9.23,64600.0,9.2,153700.0,-32.626456348165
2024-04-30 09:46:34,7960300.0,9.21,1729300.0,9.086,8178158.0,9.572,9.22,35100.0,9.21,122400.0,9.23,64600.0,9.2,155700.0,-43.478329361037
2024-04-30 09:46:37,7965300.0,9.22,1747300.0,9.087,8203858.0,9.572,9.22,32000.0,9.21,124600.0,9.23,64600.0,9.2,160500.0,-54.377513001293
2024-04-30 09:46:40,7967300.0,9.22,1748300.0,9.087,8240458.0,9.571,9.22,65300.0,9.21,125600.0,9.23,62900.0,9.2,160500.0,-54.377513001293
2024-04-30 09:46:43,7969900.0,9.22,1747800.0,9.087,8297958.0,9.57,9.22,67800.0,9.21,124800.0,9.23,62900.0,9.2,160700.0,-43.52563998842201
2024-04-30 09:46:46,7972600.0,9.21,1746300.0,9.087,8309958.0,9.57,9.22,76900.0,9.21,122800.0,9.23,62900.0,9.2,160700.0,-54.377513001293
2024-04-30 09:46:49,7985500.0,9.22,1749300.0,9.087,8314558.0,9.57,9.22,68000.0,9.21,124800.0,9.23,65900.0,9.2,161700.0,-54.377513001293
2024-04-30 09:46:52,7985500.0,9.22,1757400.0,9.088,8324458.0,9.57,9.22,70200.0,9.21,127400.0,9.23,65900.0,9.2,167200.0,-43.52563998842201
2024-04-30 09:46:55,7994100.0,9.21,1766600.0,9.089,8329658.0,9.57,9.22,68800.0,9.21,132500.0,9.23,65900.0,9.2,167200.0,-43.52563998842201
2024-04-30 09:46:58,7999100.0,9.21,1784800.0,9.09,8331058.0,9.57,9.22,69800.0,9.21,149700.0,9.23,63700.0,9.2,168200.0,-43.52563998842201
2024-04-30 09:47:01,8005500.0,9.21,1781000.0,9.089,8350158.0,9.569,9.22,81200.0,9.21,144300.0,9.23,66700.0,9.2,169700.0,-43.52563998842201
2024-04-30 09:47:04,8012200.0,9.21,1779200.0,9.089,8380258.0,9.568,9.22,110200.0,9.21,145900.0,9.23,66700.0,9.2,169700.0,-32.626456348165
2024-04-30 09:47:07,8025700.0,9.21,1759000.0,9.088,8361158.0,9.568,9.22,111600.0,9.21,132900.0,9.23,67500.0,9.2,168700.0,-43.52563998842201
2024-04-30 09:47:10,8031100.0,9.21,1754500.0,9.088,8353658.0,9.568,9.22,94000.0,9.21,128400.0,9.23,67500.0,9.2,168700.0,-43.52563998842201
2024-04-30 09:47:13,8058100.0,9.21,1743500.0,9.087,8353558.0,9.568,9.22,93900.0,9.21,110800.0,9.23,67500.0,9.2,169300.0,-32.626456348165
2024-04-30 09:47:16,8073000.0,9.21,1734300.0,9.086,8359658.0,9.568,9.22,91600.0,9.21,101600.0,9.23,67500.0,9.2,169300.0,-43.52563998842201
2024-04-30 09:47:19,8076000.0,9.21,1732100.0,9.086,8376758.0,9.568,9.22,90600.0,9.21,99400.0,9.23,67500.0,9.2,169300.0,-43.52563998842201
2024-04-30 09:47:22,8085300.0,9.21,1748600.0,9.087,8362458.0,9.569,9.22,87200.0,9.21,104900.0,9.23,67500.0,9.2,169300.0,-43.478329361037
2024-04-30 09:47:25,8095300.0,9.22,1748900.0,9.087,8353858.0,9.569,9.22,77200.0,9.21,105900.0,9.23,67500.0,9.2,168300.0,-54.377513001293
2024-04-30 09:47:28,8104700.0,9.22,1748800.0,9.087,8370158.0,9.569,9.22,70600.0,9.21,103300.0,9.23,67500.0,9.2,168300.0,-54.377513001293
2024-04-30 09:47:31,8105700.0,9.22,1748900.0,9.087,8377658.0,9.568,9.22,74600.0,9.21,103500.0,9.23,67500.0,9.2,168300.0,-54.377513001293
2024-04-30 09:47:34,8105700.0,9.22,1746300.0,9.087,8435958.0,9.572,9.22,74900.0,9.21,106600.0,9.23,67500.0,9.2,168300.0,-43.478329361037
2024-04-30 09:47:37,8133500.0,9.22,1747200.0,9.087,8392258.0,9.573,9.22,47000.0,9.21,106400.0,9.23,67500.0,9.2,168400.0,-43.52563998842201
2024-04-30 09:47:40,8134200.0,9.21,1747500.0,9.087,8506058.0,9.569,9.22,47500.0,9.21,104700.0,9.23,77500.0,9.2,168400.0,-43.478329361037
2024-04-30 09:47:43,8137400.0,9.22,1744400.0,9.087,8505758.0,9.569,9.22,44100.0,9.21,98900.0,9.23,77500.0,9.2,169100.0,-54.377513001293
2024-04-30 09:47:46,8144600.0,9.22,1737400.0,9.086,8457058.0,9.57,9.22,46900.0,9.21,91900.0,9.23,77500.0,9.2,169100.0,-43.52563998842201
2024-04-30 09:47:49,8149400.0,9.21,1737200.0,9.086,8594058.0,9.566,9.22,165500.0,9.21,87100.0,9.23,77500.0,9.2,170400.0,-54.377513001293
2024-04-30 09:47:52,8185000.0,9.22,1725800.0,9.085,8598958.0,9.566,9.22,154100.0,9.21,70000.0,9.23,77300.0,9.2,172400.0,-43.52563998842201
2024-04-30 09:47:55,8226500.0,9.21,1689000.0,9.082,8600658.0,9.566,9.22,158200.0,9.21,40900.0,9.23,76300.0,9.2,164900.0,-43.52563998842201
2024-04-30 09:47:58,8268400.0,9.21,1651300.0,9.079,8622558.0,9.566,9.21,5600.0,9.2,165600.0,9.22,174400.0,9.19,77300.0,-43.52563998842201
2024-04-30 09:48:01,8282400.0,9.21,1666800.0,9.08,8626858.0,9.566,9.22,177200.0,9.21,2100.0,9.23,76300.0,9.2,168400.0,-32.626456348165
2024-04-30 09:48:04,8284400.0,9.21,1680200.0,9.081,8613958.0,9.566,9.22,164200.0,9.21,13500.0,9.23,77300.0,9.2,170400.0,-43.52563998842201
2024-04-30 09:48:07,8295300.0,9.21,1688300.0,9.081,8622258.0,9.566,9.22,171500.0,9.21,15500.0,9.23,77300.0,9.2,170000.0,-54.377513001293
2024-04-30 09:48:10,8301700.0,9.22,1750600.0,9.086,8541558.0,9.569,9.22,90000.0,9.21,79200.0,9.23,77300.0,9.2,168600.0,-54.377513001293
2024-04-30 09:48:13,8405500.0,9.22,1678900.0,9.08,8519358.0,9.57,9.22,69400.0,9.21,3900.0,9.23,77300.0,9.2,169200.0,-32.626456348165
2024-04-30 09:48:16,8412800.0,9.21,1697300.0,9.082,8514258.0,9.57,9.22,64600.0,9.21,25000.0,9.23,77300.0,9.2,165200.0,-32.626456348165
2024-04-30 09:48:19,8414200.0,9.21,1712600.0,9.082,8526258.0,9.57,9.22,75700.0,9.21,30100.0,9.23,79200.0,9.2,171500.0,-32.626456348165
2024-04-30 09:48:22,8416800.0,9.21,1756300.0,9.085,8530258.0,9.57,9.22,78200.0,9.21,63900.0,9.23,79200.0,9.2,172400.0,-54.318438823619
2024-04-30 09:48:25,8501600.0,9.23,1919600.0,9.097,8447958.0,9.573,9.23,74700.0,9.22,133500.0,9.24,75000.0,9.21,93800.0,-54.318438823619
2024-04-30 09:48:28,8581300.0,9.23,1989800.0,9.101,8373458.0,9.576,9.24,75200.0,9.23,102900.0,9.25,146300.0,9.22,106300.0,-54.318438823619
2024-04-30 09:48:31,8582400.0,9.23,1977900.0,9.1,8362058.0,9.576,9.24,63800.0,9.23,102300.0,9.25,145300.0,9.22,81800.0,-65.146810211937
2024-04-30 09:48:34,8597600.0,9.24,1966200.0,9.1,8354358.0,9.577,9.24,49500.0,9.23,102100.0,9.25,145300.0,9.22,78400.0,-65.146810211937
2024-04-30 09:48:37,8647200.0,9.24,1949900.0,9.099,8259458.0,9.581,9.25,99900.0,9.24,40000.0,9.26,117000.0,9.23,48000.0,-76.045993852194
2024-04-30 09:48:40,8648800.0,9.24,1931200.0,9.098,8260058.0,9.581,9.25,101900.0,9.24,30900.0,9.26,117000.0,9.23,48100.0,-86.86265255960701
2024-04-30 09:48:43,8764500.0,9.25,2219700.0,9.117,8106958.0,9.587,9.26,62900.0,9.25,291800.0,9.27,85400.0,9.24,41500.0,-75.963468919351
2024-04-30 09:48:46,8783100.0,9.25,2212300.0,9.117,8113558.0,9.587,9.26,62400.0,9.25,279300.0,9.27,85400.0,9.24,50300.0,-97.667623897148
2024-04-30 09:48:49,8798400.0,9.26,2199800.0,9.116,8099458.0,9.587,9.26,48100.0,9.25,279600.0,9.27,85400.0,9.24,50300.0,-97.667623897148
2024-04-30 09:48:52,8798600.0,9.26,2207600.0,9.117,8102558.0,9.587,9.26,50500.0,9.25,282000.0,9.27,85900.0,9.24,50300.0,-97.667623897148
2024-04-30 09:48:55,8819900.0,9.26,2206000.0,9.117,8050258.0,9.589,9.26,31700.0,9.25,282300.0,9.27,89300.0,9.24,50900.0,-97.667623897148
2024-04-30 09:48:58,8832300.0,9.26,2198400.0,9.116,8045858.0,9.589,9.26,28300.0,9.25,277700.0,9.27,89300.0,9.24,50700.0,-97.667623897148
2024-04-30 09:49:01,8838600.0,9.26,2207200.0,9.116,8068958.0,9.589,9.26,22600.0,9.25,275700.0,9.27,89300.0,9.24,50700.0,-97.667623897148
2024-04-30 09:49:04,8876300.0,9.26,2203000.0,9.116,8068258.0,9.589,9.26,15700.0,9.25,267200.0,9.27,92500.0,9.24,50700.0,-97.667623897148
2024-04-30 09:49:07,8883400.0,9.26,2211900.0,9.116,8058458.0,9.589,9.26,500.0,9.25,267200.0,9.27,91600.0,9.24,50700.0,-97.667623897148
2024-04-30 09:49:10,8884900.0,9.26,2222100.0,9.117,8053458.0,9.589,9.26,2200.0,9.25,267000.0,9.27,81800.0,9.24,50900.0,-97.667623897148
2024-04-30 09:49:13,8884900.0,9.26,2225800.0,9.117,8090058.0,9.588,9.26,16000.0,9.25,267000.0,9.27,105600.0,9.24,50900.0,-97.667623897148
2024-04-30 09:49:16,8892100.0,9.26,2223300.0,9.117,8141258.0,9.587,9.26,24900.0,9.25,266800.0,9.27,115400.0,9.24,50900.0,-97.667623897148
2024-04-30 09:49:19,8894700.0,9.26,2222500.0,9.117,8130758.0,9.587,9.26,14900.0,9.25,266400.0,9.27,115500.0,9.24,50500.0,-97.667623897148
2024-04-30 09:49:22,8900600.0,9.26,2197900.0,9.116,8148558.0,9.586,9.26,16700.0,9.25,263900.0,9.27,115600.0,9.24,49500.0,-97.667623897148
2024-04-30 09:49:25,8903400.0,9.26,2164900.0,9.114,8154758.0,9.586,9.26,22300.0,9.25,261600.0,9.27,115600.0,9.24,49500.0,-97.667623897148
2024-04-30 09:49:28,8909300.0,9.26,2165800.0,9.114,8190958.0,9.585,9.26,45800.0,9.25,261400.0,9.27,128300.0,9.24,49500.0,-108.57869972049099
2024-04-30 09:49:31,8914900.0,9.26,2166500.0,9.114,8208358.0,9.584,9.26,46500.0,9.25,260900.0,9.27,128100.0,9.24,49500.0,-97.77372838295001
2024-04-30 09:49:34,8920900.0,9.25,2165200.0,9.114,8231658.0,9.583,9.26,47900.0,9.25,257100.0,9.27,138100.0,9.24,49500.0,-97.667623897148
2024-04-30 09:49:37,8927300.0,9.26,2162800.0,9.114,8282358.0,9.582,9.26,84400.0,9.25,256100.0,9.27,138100.0,9.24,49500.0,-108.57869972049099
2024-04-30 09:49:40,8947600.0,9.26,2141700.0,9.112,8298658.0,9.581,9.26,96800.0,9.25,246100.0,9.27,136300.0,9.24,38400.0,-86.86265255960701
2024-04-30 09:49:43,8948100.0,9.25,2122500.0,9.112,8320658.0,9.58,9.26,108700.0,9.25,245600.0,9.27,136300.0,9.24,29600.0,-86.86265255960701
2024-04-30 09:49:46,8949200.0,9.25,2121400.0,9.112,8370358.0,9.58,9.26,109200.0,9.25,244500.0,9.27,136300.0,9.24,29600.0,-86.86265255960701
2024-04-30 09:49:49,8954200.0,9.25,2123800.0,9.112,8415158.0,9.579,9.26,114300.0,9.25,239500.0,9.27,136300.0,9.24,37000.0,-86.86265255960701
2024-04-30 09:49:52,9195100.0,9.25,1855200.0,9.092,8544958.0,9.574,9.25,84500.0,9.24,21800.0,9.26,158100.0,9.23,40100.0,-76.045993852194
2024-04-30 09:49:55,9220500.0,9.24,1816100.0,9.089,8534558.0,9.575,9.25,54000.0,9.23,19300.0,9.26,158100.0,9.22,42600.0,-76.045993852194
2024-04-30 09:49:58,9220500.0,9.24,1818100.0,9.089,8540858.0,9.575,9.24,1100.0,9.23,20600.0,9.25,54300.0,9.22,42700.0,-76.045993852194
2024-04-30 09:50:01,9225100.0,9.24,1834000.0,9.09,8523658.0,9.575,9.25,35100.0,9.24,1300.0,9.26,152600.0,9.23,30700.0,-76.045993852194
2024-04-30 09:50:04,9226500.0,9.24,1882000.0,9.094,8530258.0,9.575,9.24,1400.0,9.23,77900.0,9.25,38400.0,9.22,42200.0,-65.217622463875
2024-04-30 09:50:07,9239000.0,9.23,1913100.0,9.096,8534958.0,9.575,9.25,42700.0,9.24,19500.0,9.26,145300.0,9.23,71000.0,-76.045993852194
2024-04-30 09:50:10,9240100.0,9.24,1915900.0,9.096,8532458.0,9.575,9.25,37700.0,9.24,20500.0,9.26,145100.0,9.23,71000.0,-65.146810211937
2024-04-30 09:50:13,9242100.0,9.24,1914500.0,9.096,8526558.0,9.576,9.25,29900.0,9.24,20900.0,9.26,145100.0,9.23,71100.0,-75.963468919351
2024-04-30 09:50:16,9242200.0,9.25,1924400.0,9.097,8523058.0,9.576,9.25,30100.0,9.24,22100.0,9.26,135200.0,9.23,80800.0,-75.963468919351
2024-04-30 09:50:19,9282200.0,9.25,1971200.0,9.1,8471858.0,9.578,9.26,111000.0,9.25,15200.0,9.27,136300.0,9.24,53800.0,-75.963468919351
2024-04-30 09:50:22,9298800.0,9.25,1965500.0,9.1,8482558.0,9.577,9.25,14900.0,9.24,58600.0,9.26,117900.0,9.23,73300.0,-75.963468919351
2024-04-30 09:50:25,9312500.0,9.25,1953100.0,9.099,8490958.0,9.577,9.25,20500.0,9.24,56000.0,9.26,116900.0,9.23,63000.0,-75.963468919351
2024-04-30 09:50:28,9332500.0,9.25,1959500.0,9.099,8499558.0,9.576,9.25,7200.0,9.24,62600.0,9.26,116600.0,9.23,63000.0,-75.963468919351
2024-04-30 09:50:31,9345600.0,9.25,1953600.0,9.099,8481158.0,9.577,9.25,1500.0,9.24,64400.0,9.26,115400.0,9.23,53000.0,-65.146810211937
2024-04-30 09:50:34,9437700.0,9.24,1912600.0,9.096,8510558.0,9.576,9.25,19900.0,9.24,13800.0,9.26,115400.0,9.23,62900.0,-75.963468919351
2024-04-30 09:50:37,9440300.0,9.25,1933200.0,9.097,8525658.0,9.575,9.25,28200.0,9.24,33100.0,9.26,115400.0,9.23,62900.0,-65.146810211937
2024-04-30 09:50:40,9446100.0,9.24,1930600.0,9.097,8521958.0,9.575,9.25,31000.0,9.24,27900.0,9.26,116700.0,9.23,62900.0,-75.963468919351
2024-04-30 09:50:43,9506100.0,9.25,1926300.0,9.096,8525858.0,9.577,9.25,1800.0,9.24,12400.0,9.26,116700.0,9.23,63000.0,-86.86265255960701
2024-04-30 09:50:46,9506100.0,9.25,1928900.0,9.097,8541958.0,9.576,9.25,10400.0,9.24,14300.0,9.26,116700.0,9.23,63000.0,-75.963468919351
2024-04-30 09:50:49,9506100.0,9.25,1929200.0,9.097,8543058.0,9.576,9.25,10600.0,9.24,14600.0,9.26,116400.0,9.23,63000.0,-75.963468919351
2024-04-30 09:50:52,9506100.0,9.25,1930000.0,9.097,8542858.0,9.576,9.25,17600.0,9.24,24700.0,9.26,115900.0,9.23,53700.0,-75.963468919351
2024-04-30 09:50:55,9507800.0,9.25,1941100.0,9.098,8565858.0,9.576,9.25,23400.0,9.24,35300.0,9.26,111300.0,9.23,53700.0,-76.045993852194
2024-04-30 09:50:58,9508600.0,9.24,1944000.0,9.098,8583158.0,9.575,9.25,38200.0,9.24,38200.0,9.26,111300.0,9.23,53700.0,-75.963468919351
2024-04-30 09:51:01,9510600.0,9.25,1949300.0,9.098,8630558.0,9.573,9.25,69600.0,9.24,38800.0,9.26,121300.0,9.23,54300.0,-65.146810211937
2024-04-30 09:51:04,9518200.0,9.24,1950900.0,9.098,8644958.0,9.573,9.25,74000.0,9.24,40300.0,9.26,115300.0,9.23,54200.0,-65.146810211937
2024-04-30 09:51:07,9518200.0,9.24,1966300.0,9.099,8652658.0,9.573,9.25,76900.0,9.24,55800.0,9.26,116300.0,9.23,54100.0,-75.963468919351
2024-04-30 09:51:10,9531800.0,9.25,1975000.0,9.099,8654358.0,9.574,9.25,65100.0,9.24,56100.0,9.26,116300.0,9.23,54200.0,-75.963468919351
2024-04-30 09:51:13,9533800.0,9.25,1984300.0,9.1,8664158.0,9.573,9.25,64200.0,9.24,60300.0,9.26,116300.0,9.23,59300.0,-75.963468919351
2024-04-30 09:51:16,9534800.0,9.25,1995100.0,9.101,8687358.0,9.572,9.25,80700.0,9.24,65700.0,9.26,121800.0,9.23,59300.0,-65.146810211937
2024-04-30 09:51:19,9535700.0,9.24,1998900.0,9.101,8692258.0,9.572,9.25,84000.0,9.24,65800.0,9.26,121800.0,9.23,59100.0,-75.963468919351
2024-04-30 09:51:22,9550700.0,9.25,2003300.0,9.101,8680758.0,9.573,9.25,70400.0,9.24,69400.0,9.26,121800.0,9.23,59900.0,-75.963468919351
2024-04-30 09:51:25,9555200.0,9.25,2008200.0,9.101,8688758.0,9.572,9.25,75900.0,9.24,69600.0,9.26,121800.0,9.23,59900.0,-65.076151567384
2024-04-30 09:51:28,9555200.0,9.25,1995500.0,9.101,8690058.0,9.572,9.25,76200.0,9.24,69400.0,9.26,122300.0,9.23,45300.0,-75.963468919351
2024-04-30 09:51:31,9557500.0,9.25,1990200.0,9.1,8694358.0,9.572,9.25,83500.0,9.24,63700.0,9.26,122300.0,9.23,45400.0,-65.146810211937
2024-04-30 09:51:34,9575700.0,9.24,1974900.0,9.099,8706258.0,9.572,9.25,95200.0,9.24,47200.0,9.26,122000.0,9.23,45400.0,-65.146810211937
2024-04-30 09:51:37,9625400.0,9.24,1933000.0,9.096,8742558.0,9.571,9.24,34700.0,9.23,47200.0,9.25,95200.0,9.22,70200.0,-54.259492859971004
2024-04-30 09:51:40,9625400.0,9.24,1937500.0,9.096,8734258.0,9.571,9.24,37300.0,9.23,48100.0,9.25,93600.0,9.22,67300.0,-43.43112147165299
2024-04-30 09:51:43,9627400.0,9.23,1934100.0,9.096,8743858.0,9.571,9.24,45200.0,9.23,49700.0,9.25,93600.0,9.22,67300.0,-43.43112147165299
2024-04-30 09:51:46,9635900.0,9.23,1934200.0,9.096,8684358.0,9.571,9.24,39500.0,9.23,49800.0,9.25,96800.0,9.22,67300.0,-43.43112147165299
2024-04-30 09:51:49,9636400.0,9.23,1935300.0,9.096,8710758.0,9.57,9.24,49500.0,9.23,49900.0,9.25,97000.0,9.22,67300.0,-54.259492859971004
2024-04-30 09:51:52,9640800.0,9.24,1937000.0,9.096,8724658.0,9.57,9.24,54400.0,9.23,47600.0,9.25,97000.0,9.22,67300.0,-43.43112147165299
2024-04-30 09:51:55,9645100.0,9.23,1935800.0,9.096,8720258.0,9.57,9.24,48500.0,9.23,45500.0,9.25,97000.0,9.22,67300.0,-54.259492859971004
2024-04-30 09:51:58,9647300.0,9.24,1940500.0,9.096,8747658.0,9.569,9.24,62100.0,9.23,43400.0,9.25,105000.0,9.22,70600.0,-54.259492859971004
2024-04-30 09:52:01,9652200.0,9.24,1941900.0,9.096,8750658.0,9.569,9.24,63000.0,9.23,39100.0,9.25,103500.0,9.22,70600.0,-43.43112147165299
2024-04-30 09:52:04,9654500.0,9.23,1938800.0,9.096,8767458.0,9.569,9.24,70400.0,9.23,36000.0,9.25,108600.0,9.22,70600.0,-43.43112147165299
2024-04-30 09:52:07,9660600.0,9.23,1938000.0,9.096,8769458.0,9.568,9.24,71400.0,9.23,31200.0,9.25,108600.0,9.22,70600.0,-65.146810211937
2024-04-30 09:52:10,9660700.0,9.24,1939200.0,9.096,8777558.0,9.569,9.24,67400.0,9.23,32200.0,9.25,108600.0,9.22,70600.0,-43.43112147165299
2024-04-30 09:52:13,9662500.0,9.23,1938000.0,9.096,8779458.0,9.569,9.24,68900.0,9.23,30400.0,9.25,108600.0,9.22,70600.0,-54.259492859971004
2024-04-30 09:52:16,9663500.0,9.24,1959400.0,9.097,8789758.0,9.568,9.24,71600.0,9.23,51400.0,9.25,108600.0,9.22,70600.0,-43.43112147165299
2024-04-30 09:52:19,9743000.0,9.23,1880000.0,9.092,8790658.0,9.568,9.23,2400.0,9.22,46600.0,9.24,69700.0,9.21,120000.0,-54.259492859971004
2024-04-30 09:52:22,9851200.0,9.24,1881800.0,9.092,8791958.0,9.568,9.23,2500.0,9.22,48400.0,9.24,56400.0,9.21,120000.0,-32.591012009070994
2024-04-30 09:52:25,9853700.0,9.22,1878800.0,9.091,8794358.0,9.568,9.23,3000.0,9.22,48900.0,9.24,56500.0,9.21,121000.0,-43.43112147165299
2024-04-30 09:52:28,9857100.0,9.23,1883500.0,9.091,8784958.0,9.569,9.23,11800.0,9.22,49600.0,9.24,47900.0,9.21,121000.0,-32.591012009070994
2024-04-30 09:52:31,9860100.0,9.22,1881800.0,9.091,8795158.0,9.568,9.23,11700.0,9.22,47900.0,9.24,56700.0,9.21,121000.0,-43.43112147165299
2024-04-30 09:52:34,9865400.0,9.23,1880300.0,9.091,8804858.0,9.569,9.23,12300.0,9.22,47100.0,9.24,56000.0,9.21,126000.0,-32.591012009070994
2024-04-30 09:52:37,9866500.0,9.22,1898600.0,9.092,8815358.0,9.568,9.23,13000.0,9.22,62400.0,9.24,56000.0,9.21,127000.0,-54.318438823619
2024-04-30 09:52:40,9867000.0,9.23,1903500.0,9.092,8819258.0,9.568,9.23,10100.0,9.22,65500.0,9.24,56000.0,9.21,126800.0,-43.43112147165299
2024-04-30 09:52:43,9870200.0,9.23,1917600.0,9.093,8820658.0,9.568,9.23,11500.0,9.22,70800.0,9.24,56000.0,9.21,127500.0,-43.478329361037
2024-04-30 09:52:46,9872000.0,9.22,1921600.0,9.093,8829458.0,9.568,9.23,13000.0,9.22,74800.0,9.24,59200.0,9.21,127500.0,-43.478329361037
2024-04-30 09:52:49,9872000.0,9.22,1931600.0,9.094,8830758.0,9.568,9.23,13000.0,9.22,74800.0,9.24,59700.0,9.21,129500.0,-54.318438823619
2024-04-30 09:52:52,9873400.0,9.23,1933400.0,9.094,8832358.0,9.568,9.23,13900.0,9.22,74800.0,9.24,59700.0,9.21,129500.0,-43.478329361037
2024-04-30 09:52:55,9873800.0,9.22,1935500.0,9.094,8830358.0,9.568,9.23,14300.0,9.22,76900.0,9.24,59700.0,9.21,129500.0,-54.318438823619
2024-04-30 09:52:58,9881300.0,9.23,1937300.0,9.094,8823258.0,9.569,9.23,4700.0,9.22,78900.0,9.24,59700.0,9.21,129500.0,-32.591012009070994
2024-04-30 09:53:01,9885600.0,9.22,1936000.0,9.094,8820758.0,9.568,9.23,1900.0,9.22,77400.0,9.24,59700.0,9.21,130500.0,-32.591012009070994
2024-04-30 09:53:04,9888100.0,9.22,1936700.0,9.094,8835958.0,9.568,9.23,6300.0,9.22,77000.0,9.24,59700.0,9.21,130700.0,-43.43112147165299
2024-04-30 09:53:07,9892900.0,9.23,1941000.0,9.094,8832858.0,9.568,9.23,7400.0,9.22,77200.0,9.24,59700.0,9.21,132800.0,-54.318438823619
2024-04-30 09:53:10,9892900.0,9.23,1954400.0,9.095,8844958.0,9.568,9.23,8100.0,9.22,84700.0,9.24,60200.0,9.21,136800.0,-43.43112147165299
2024-04-30 09:53:13,9892900.0,9.23,1955000.0,9.095,8863958.0,9.567,9.23,19600.0,9.22,85300.0,9.24,60200.0,9.21,136800.0,-32.591012009070994
2024-04-30 09:53:16,9978300.0,9.22,1872700.0,9.089,8872958.0,9.567,9.22,3600.0,9.21,137800.0,9.23,25800.0,9.2,183600.0,-32.591012009070994
2024-04-30 09:53:19,9981300.0,9.22,1878100.0,9.089,8891458.0,9.566,9.22,21800.0,9.21,138200.0,9.23,25800.0,9.2,183600.0,-43.478329361037
2024-04-30 09:53:22,9981300.0,9.22,1878100.0,9.089,8895258.0,9.566,9.22,21800.0,9.21,138100.0,9.23,29600.0,9.2,183700.0,-21.739138996199
2024-04-30 09:53:25,9983900.0,9.21,1880000.0,9.089,8897558.0,9.566,9.22,23600.0,9.21,140000.0,9.23,29600.0,9.2,183700.0,-32.591012009070994
2024-04-30 09:53:28,10039700.0,9.22,1843500.0,9.086,8893458.0,9.566,9.22,18800.0,9.21,93500.0,9.23,29600.0,9.2,183700.0,-21.739138996199
2024-04-30 09:53:31,10040700.0,9.21,1845400.0,9.086,8904858.0,9.566,9.22,26800.0,9.21,92300.0,9.23,33000.0,9.2,183700.0,-43.478329361037
2024-04-30 09:53:34,10086100.0,9.22,1900600.0,9.089,8891858.0,9.566,9.23,33000.0,9.22,41800.0,9.24,60500.0,9.21,94100.0,-43.478329361037
2024-04-30 09:53:37,10094300.0,9.22,1909200.0,9.09,8890258.0,9.567,9.23,33300.0,9.22,34000.0,9.24,60500.0,9.21,108300.0,-21.739138996199
2024-04-30 09:53:40,10158600.0,9.21,1847700.0,9.086,8924558.0,9.565,9.23,64600.0,9.21,79000.0,9.24,61500.0,9.2,185900.0,-21.739138996199
2024-04-30 09:53:43,10161300.0,9.21,1847500.0,9.087,8959358.0,9.564,9.23,82000.0,9.21,88800.0,9.24,78400.0,9.2,185900.0,-21.739138996199
2024-04-30 09:53:46,10169800.0,9.21,1842700.0,9.087,8977458.0,9.564,9.22,11600.0,9.21,83700.0,9.23,82400.0,9.2,186200.0,-32.626456348165
2024-04-30 09:53:49,10200500.0,9.21,1808300.0,9.084,8980258.0,9.563,9.22,15600.0,9.21,56800.0,9.23,82400.0,9.2,176200.0,-32.626456348165
2024-04-30 09:53:52,10208400.0,9.21,1814200.0,9.084,8985758.0,9.563,9.22,15600.0,9.21,62700.0,9.23,82400.0,9.2,176200.0,-21.739138996199
2024-04-30 09:53:55,10208500.0,9.21,1814100.0,9.084,8979558.0,9.564,9.22,15600.0,9.21,63200.0,9.23,76200.0,9.2,176200.0,-21.739138996199
2024-04-30 09:53:58,10210200.0,9.21,1814800.0,9.084,8979958.0,9.564,9.22,15600.0,9.21,62700.0,9.23,76200.0,9.2,176400.0,-32.626456348165
2024-04-30 09:54:01,10223400.0,9.21,1801500.0,9.083,8973858.0,9.564,9.22,15600.0,9.21,49900.0,9.23,72600.0,9.2,174800.0,-21.739138996199
2024-04-30 09:54:04,10224000.0,9.21,1804200.0,9.084,8992458.0,9.563,9.22,12900.0,9.21,50200.0,9.23,83500.0,9.2,175000.0,-21.739138996199
2024-04-30 09:54:07,10224500.0,9.21,1804100.0,9.084,8992758.0,9.563,9.22,14600.0,9.21,50100.0,9.23,83500.0,9.2,175000.0,-21.739138996199
2024-04-30 09:54:10,10239100.0,9.21,1797200.0,9.083,9009458.0,9.563,9.22,16800.0,9.21,42000.0,9.23,83500.0,9.2,175100.0,-21.739138996199
2024-04-30 09:54:13,10248700.0,9.21,1790700.0,9.083,9009358.0,9.562,9.22,14900.0,9.21,34900.0,9.23,83500.0,9.2,175100.0,-21.739138996199
2024-04-30 09:54:16,10252000.0,9.21,1795200.0,9.083,9010458.0,9.562,9.22,13800.0,9.21,33700.0,9.23,80900.0,9.2,180600.0,-21.739138996199
2024-04-30 09:54:19,10254200.0,9.21,1796200.0,9.083,9010758.0,9.562,9.22,14300.0,9.21,32700.0,9.23,80900.0,9.2,181000.0,-21.739138996199
2024-04-30 09:54:22,10254700.0,9.21,1797000.0,9.083,9024158.0,9.563,9.22,14300.0,9.21,32900.0,9.23,80900.0,9.2,181100.0,-21.739138996199
2024-04-30 09:54:25,10255200.0,9.21,1804200.0,9.083,9039158.0,9.562,9.22,14400.0,9.21,36800.0,9.23,81400.0,9.2,184400.0,-21.739138996199
2024-04-30 09:54:28,10255500.0,9.21,1805100.0,9.084,9044058.0,9.562,9.22,16600.0,9.21,37700.0,9.23,81400.0,9.2,184400.0,-21.739138996199
2024-04-30 09:54:31,10255500.0,9.21,1804700.0,9.084,9046458.0,9.562,9.22,16600.0,9.21,38100.0,9.23,81400.0,9.2,184400.0,-21.739138996199
2024-04-30 09:54:34,10255500.0,9.21,1817900.0,9.084,9046458.0,9.562,9.22,16600.0,9.21,45800.0,9.23,81400.0,9.2,187000.0,-21.739138996199
2024-04-30 09:54:37,10255500.0,9.21,1830200.0,9.085,9047158.0,9.562,9.22,16700.0,9.21,53000.0,9.23,81400.0,9.2,186800.0,-21.739138996199
2024-04-30 09:54:40,10255500.0,9.21,1834000.0,9.085,9045358.0,9.562,9.22,16700.0,9.21,53800.0,9.23,80700.0,9.2,186800.0,-21.739138996199
2024-04-30 09:54:43,10256200.0,9.21,1859400.0,9.086,9048958.0,9.562,9.22,18300.0,9.21,66400.0,9.23,80700.0,9.2,187600.0,-21.739138996199
2024-04-30 09:54:46,10257700.0,9.21,1871200.0,9.086,9050058.0,9.562,9.22,18300.0,9.21,71900.0,9.23,80700.0,9.2,190600.0,-32.591012009070994
2024-04-30 09:54:49,10264400.0,9.22,1884700.0,9.087,9030958.0,9.563,9.22,13200.0,9.21,77100.0,9.23,66300.0,9.2,190600.0,-43.478329361037
2024-04-30 09:54:52,10266300.0,9.22,1886400.0,9.087,9023158.0,9.563,9.22,11300.0,9.21,78100.0,9.23,61700.0,9.2,190600.0,-32.591012009070994
2024-04-30 09:54:55,10273100.0,9.22,1883000.0,9.087,9018658.0,9.563,9.22,13600.0,9.21,72000.0,9.23,61700.0,9.2,190600.0,-21.739138996199
2024-04-30 09:54:58,10273800.0,9.21,1899100.0,9.087,9024358.0,9.563,9.22,13600.0,9.21,73300.0,9.23,61700.0,9.2,196200.0,-21.739138996199
2024-04-30 09:55:01,10274800.0,9.21,1921300.0,9.089,9024658.0,9.563,9.22,15700.0,9.21,94500.0,9.23,61700.0,9.2,197200.0,-32.591012009070994
2024-04-30 09:55:04,10292000.0,9.22,1926500.0,9.089,9016458.0,9.563,9.22,6700.0,9.21,99500.0,9.23,59000.0,9.2,197400.0,-32.591012009070994
2024-04-30 09:55:07,10294600.0,9.22,1918100.0,9.089,9020958.0,9.563,9.22,4100.0,9.21,89000.0,9.23,59000.0,9.2,197500.0,-43.478329361037
2024-04-30 09:55:10,10295900.0,9.22,1943200.0,9.09,9018658.0,9.563,9.22,3400.0,9.21,116800.0,9.23,57300.0,9.2,197500.0,-32.591012009070994
2024-04-30 09:55:13,10299400.0,9.22,1954800.0,9.091,9020858.0,9.563,9.23,60300.0,9.22,9300.0,9.24,81200.0,9.21,119000.0,-32.591012009070994
2024-04-30 09:55:16,10309900.0,9.22,1956300.0,9.091,9106558.0,9.567,9.23,60300.0,9.22,2500.0,9.24,81200.0,9.21,123300.0,-32.591012009070994
2024-04-30 09:55:19,10320500.0,9.22,1954400.0,9.09,9109958.0,9.567,9.22,3900.0,9.21,123200.0,9.23,60300.0,9.2,196800.0,-21.739138996199
2024-04-30 09:55:22,10324000.0,9.21,1953400.0,9.09,9143158.0,9.568,9.22,2900.0,9.21,120200.0,9.23,60300.0,9.2,196800.0,-21.739138996199
2024-04-30 09:55:25,10324300.0,9.21,1951100.0,9.09,9165058.0,9.567,9.22,35100.0,9.21,115300.0,9.23,60300.0,9.2,196800.0,-21.739138996199
2024-04-30 09:55:28,10324300.0,9.21,1964300.0,9.091,9180358.0,9.567,9.22,41800.0,9.21,119500.0,9.23,60300.0,9.2,196800.0,-21.739138996199
2024-04-30 09:55:31,10329900.0,9.21,1970600.0,9.091,9178358.0,9.567,9.22,39800.0,9.21,117200.0,9.23,60300.0,9.2,196800.0,-21.739138996199
2024-04-30 09:55:34,10339000.0,9.21,1963700.0,9.09,9197958.0,9.566,9.22,39600.0,9.21,110000.0,9.23,60300.0,9.2,197800.0,-21.739138996199
2024-04-30 09:55:37,10354200.0,9.21,1949800.0,9.089,9198758.0,9.566,9.22,42400.0,9.21,95600.0,9.23,60300.0,9.2,197800.0,-21.739138996199
2024-04-30 09:55:40,10421300.0,9.21,1897600.0,9.086,9353258.0,9.562,9.22,42900.0,9.21,43400.0,9.23,60300.0,9.2,197800.0,-32.626456348165
2024-04-30 09:55:43,10429600.0,9.21,1896100.0,9.086,9368758.0,9.561,9.22,39500.0,9.21,39400.0,9.23,60300.0,9.2,198300.0,-21.739138996199
2024-04-30 09:55:46,10440500.0,9.21,1888100.0,9.086,9395558.0,9.56,9.22,56300.0,9.21,35700.0,9.23,60300.0,9.2,197400.0,-21.739138996199
2024-04-30 09:55:49,10447500.0,9.21,1883800.0,9.085,9403558.0,9.56,9.22,57500.0,9.21,31800.0,9.23,64800.0,9.2,197400.0,-10.863662122209
2024-04-30 09:55:52,10462900.0,9.21,1870900.0,9.085,9402058.0,9.56,9.22,57500.0,9.21,18600.0,9.23,64800.0,9.2,197700.0,-10.863662122209
2024-04-30 09:55:55,10475100.0,9.21,1860500.0,9.084,9403858.0,9.56,9.22,54300.0,9.21,10800.0,9.23,64800.0,9.2,200500.0,-10.863662122209
2024-04-30 09:55:58,10485500.0,9.21,1858700.0,9.084,9397058.0,9.56,9.22,50300.0,9.21,10000.0,9.23,64800.0,9.2,199500.0,-10.863662122209
2024-04-30 09:56:01,10500300.0,9.21,1848600.0,9.084,9385558.0,9.561,9.21,11900.0,9.2,200900.0,9.22,30900.0,9.19,99800.0,-10.875476873990001
2024-04-30 09:56:04,10502800.0,9.2,1856600.0,9.084,9394358.0,9.56,9.21,11300.0,9.2,208500.0,9.22,37200.0,9.19,99800.0,-32.626456348165
2024-04-30 09:56:07,10507800.0,9.21,1856600.0,9.084,9389158.0,9.56,9.21,9500.0,9.2,207500.0,9.22,37200.0,9.19,99800.0,-32.626456348165
2024-04-30 09:56:10,10508000.0,9.21,1857000.0,9.084,9397458.0,9.56,9.21,11300.0,9.2,207900.0,9.22,37200.0,9.19,99800.0,-21.762794225956
2024-04-30 09:56:13,10536400.0,9.2,1832300.0,9.083,9404558.0,9.56,9.21,15000.0,9.2,180800.0,9.22,40600.0,9.19,99900.0,-21.739138996199
2024-04-30 09:56:16,10543000.0,9.21,1833600.0,9.083,9400458.0,9.56,9.21,10200.0,9.2,179500.0,9.22,40600.0,9.19,99900.0,-10.875476873990001
2024-04-30 09:56:19,10545000.0,9.2,1832200.0,9.083,9397458.0,9.56,9.21,10200.0,9.2,178100.0,9.22,40600.0,9.19,99900.0,-10.875476873990001
2024-04-30 09:56:22,10546900.0,9.2,1834200.0,9.083,9404958.0,9.56,9.21,9900.0,9.2,181800.0,9.22,40600.0,9.19,99900.0,-10.875476873990001
2024-04-30 09:56:25,10546900.0,9.2,1830600.0,9.083,9421958.0,9.56,9.21,11000.0,9.2,182400.0,9.22,41600.0,9.19,95700.0,0.0
2024-04-30 09:56:28,10552800.0,9.2,1826100.0,9.082,9419858.0,9.56,9.21,11300.0,9.2,176900.0,9.22,41200.0,9.19,95700.0,-10.863662122209
2024-04-30 09:56:31,10557600.0,9.21,1828700.0,9.082,9417658.0,9.56,9.21,10000.0,9.2,173900.0,9.22,41200.0,9.19,95700.0,-10.875476873990001
2024-04-30 09:56:34,10559200.0,9.2,1833100.0,9.082,9417658.0,9.56,9.21,10000.0,9.2,172600.0,9.22,41200.0,9.19,95700.0,-10.875476873990001
2024-04-30 09:56:37,10559200.0,9.2,1833100.0,9.082,9419358.0,9.56,9.21,11800.0,9.2,172600.0,9.22,37200.0,9.19,95700.0,0.0
2024-04-30 09:56:40,10565100.0,9.2,1840100.0,9.083,9419858.0,9.56,9.21,12300.0,9.2,173800.0,9.22,37200.0,9.19,98100.0,-21.739138996199
2024-04-30 09:56:43,10566900.0,9.21,1841300.0,9.083,9418258.0,9.56,9.21,10500.0,9.2,173600.0,9.22,37200.0,9.19,98100.0,0.0
2024-04-30 09:56:46,10569400.0,9.2,1842100.0,9.083,9424658.0,9.56,9.21,16200.0,9.2,173400.0,9.22,37200.0,9.19,98100.0,-21.739138996199
2024-04-30 09:56:49,10570400.0,9.21,1842600.0,9.083,9426758.0,9.56,9.21,17800.0,9.2,173200.0,9.22,37200.0,9.19,98100.0,0.0
2024-04-30 09:56:52,10581300.0,9.2,1831900.0,9.082,9435058.0,9.559,9.21,22400.0,9.2,162300.0,9.22,37200.0,9.19,98100.0,-21.739138996199
2024-04-30 09:56:55,10582500.0,9.21,1844600.0,9.082,9437258.0,9.559,9.21,21100.0,9.2,165000.0,9.22,37200.0,9.19,98100.0,-21.739138996199
2024-04-30 09:56:58,10583300.0,9.21,1867800.0,9.083,9436458.0,9.559,9.21,20900.0,9.2,167600.0,9.22,37600.0,9.19,113700.0,-21.739138996199
2024-04-30 09:57:01,10587900.0,9.21,1868300.0,9.083,9454858.0,9.559,9.21,37300.0,9.2,167100.0,9.22,37600.0,9.19,114700.0,-10.863662122209
2024-04-30 09:57:04,10597800.0,9.21,1870700.0,9.084,9452658.0,9.559,9.21,38600.0,9.2,168900.0,9.22,31300.0,9.19,114700.0,-10.875476873990001
2024-04-30 09:57:07,10599300.0,9.2,1874400.0,9.084,9460658.0,9.559,9.21,40500.0,9.2,167500.0,9.22,36900.0,9.19,115800.0,-10.863662122209
2024-04-30 09:57:10,10601700.0,9.21,1874700.0,9.084,9454658.0,9.557,9.21,48900.0,9.2,167800.0,9.22,37500.0,9.19,115800.0,0.0
2024-04-30 09:57:13,10607300.0,9.2,1871700.0,9.084,9450958.0,9.557,9.21,44400.0,9.2,167800.0,9.22,37500.0,9.19,115800.0,0.0
2024-04-30 09:57:16,10609600.0,9.2,1873400.0,9.084,9459758.0,9.557,9.21,45400.0,9.2,167500.0,9.22,41200.0,9.19,116800.0,0.0
2024-04-30 09:57:19,10619100.0,9.2,1866300.0,9.083,9448858.0,9.558,9.21,45500.0,9.2,160000.0,9.22,41200.0,9.19,116800.0,0.0
2024-04-30 09:57:22,10628300.0,9.2,1868500.0,9.083,9440558.0,9.558,9.21,36800.0,9.2,157500.0,9.22,41200.0,9.19,116800.0,-10.863662122209
2024-04-30 09:57:25,10640700.0,9.21,1874100.0,9.083,9430758.0,9.558,9.21,26400.0,9.2,163100.0,9.22,41200.0,9.19,116800.0,-10.863662122209
2024-04-30 09:57:28,10644000.0,9.21,1865500.0,9.083,9421358.0,9.559,9.21,18400.0,9.2,163100.0,9.22,41800.0,9.19,116800.0,-21.739138996199
2024-04-30 09:57:31,10645700.0,9.21,1874400.0,9.083,9430158.0,9.559,9.21,17700.0,9.2,171100.0,9.22,41800.0,9.19,116800.0,-10.875476873990001
2024-04-30 09:57:34,10735500.0,9.2,1800100.0,9.079,9420758.0,9.56,9.21,4700.0,9.2,95800.0,9.22,41800.0,9.19,116800.0,-10.863662122209
2024-04-30 09:57:37,10735700.0,9.21,1803300.0,9.079,9467358.0,9.558,9.21,51300.0,9.2,97000.0,9.22,41800.0,9.19,116800.0,0.0
2024-04-30 09:57:40,10736900.0,9.2,1816500.0,9.079,9464958.0,9.558,9.21,54500.0,9.2,100800.0,9.22,41800.0,9.19,125800.0,0.0
2024-04-30 09:57:43,10738200.0,9.2,1818600.0,9.079,9503958.0,9.558,9.21,55400.0,9.2,100900.0,9.22,41800.0,9.19,125800.0,-10.875476873990001
2024-04-30 09:57:46,10739000.0,9.2,1827000.0,9.08,9505958.0,9.558,9.21,56400.0,9.2,104000.0,9.22,41800.0,9.19,125800.0,0.0
2024-04-30 09:57:49,10740500.0,9.2,1837700.0,9.08,9509058.0,9.558,9.21,56400.0,9.2,105800.0,9.22,41800.0,9.19,125800.0,-10.863662122209
2024-04-30 09:57:52,10740600.0,9.21,1838100.0,9.08,9530658.0,9.557,9.21,63900.0,9.2,106700.0,9.22,56800.0,9.19,125800.0,0.0
2024-04-30 09:57:55,10744300.0,9.2,1841300.0,9.081,9530658.0,9.557,9.21,61700.0,9.2,108300.0,9.22,56800.0,9.19,125800.0,0.0
2024-04-30 09:57:58,10744300.0,9.2,1853100.0,9.081,9539458.0,9.557,9.21,70700.0,9.2,112300.0,9.22,56800.0,9.19,130800.0,0.0
2024-04-30 09:58:01,10746300.0,9.2,1853500.0,9.081,9553958.0,9.556,9.21,77100.0,9.2,112700.0,9.22,56800.0,9.19,130800.0,0.0
2024-04-30 09:58:04,10749900.0,9.2,1862200.0,9.082,9557058.0,9.556,9.21,77500.0,9.2,112000.0,9.22,56800.0,9.19,130800.0,0.0
2024-04-30 09:58:07,10754700.0,9.2,1874900.0,9.082,9559258.0,9.556,9.21,78000.0,9.2,119700.0,9.22,56800.0,9.19,131800.0,0.0
2024-04-30 09:58:10,10759900.0,9.2,1918800.0,9.085,9562458.0,9.556,9.21,78400.0,9.2,158400.0,9.22,56800.0,9.19,131800.0,0.0
2024-04-30 09:58:13,10790000.0,9.2,1905700.0,9.084,9552558.0,9.556,9.21,68400.0,9.2,140300.0,9.22,56800.0,9.19,131800.0,0.0
2024-04-30 09:58:16,10790000.0,9.2,1911900.0,9.084,9594458.0,9.556,9.21,68500.0,9.2,140800.0,9.22,56000.0,9.19,138900.0,0.0
2024-04-30 09:58:19,10799700.0,9.2,1906200.0,9.084,9587858.0,9.556,9.21,64400.0,9.2,134000.0,9.22,53500.0,9.19,138900.0,0.0
2024-04-30 09:58:22,10799700.0,9.2,1908200.0,9.084,9579858.0,9.556,9.21,67300.0,9.2,135000.0,9.22,53100.0,9.19,138900.0,0.0
2024-04-30 09:58:25,10801200.0,9.2,1911600.0,9.084,9579358.0,9.556,9.21,67200.0,9.2,137800.0,9.22,53100.0,9.19,138900.0,-21.739138996199
2024-04-30 09:58:28,10801400.0,9.21,1912000.0,9.084,9582058.0,9.556,9.21,67000.0,9.2,138200.0,9.22,53100.0,9.19,138900.0,-10.875476873990001
2024-04-30 09:58:31,10806100.0,9.2,1909700.0,9.084,9582958.0,9.556,9.21,66600.0,9.2,135900.0,9.22,53100.0,9.19,138900.0,-10.875476873990001
2024-04-30 09:58:34,10806100.0,9.2,1924100.0,9.085,9587758.0,9.556,9.21,74900.0,9.2,152200.0,9.22,53100.0,9.19,138900.0,-10.863662122209
2024-04-30 09:58:37,10814100.0,9.21,1934900.0,9.085,9579758.0,9.556,9.21,67100.0,9.2,147300.0,9.22,53100.0,9.19,144600.0,0.0
2024-04-30 09:58:40,10817400.0,9.2,1938500.0,9.085,9585958.0,9.556,9.21,67100.0,9.2,144000.0,9.22,53100.0,9.19,145100.0,-10.863662122209
2024-04-30 09:58:43,10820700.0,9.21,1943700.0,9.085,9583958.0,9.556,9.21,65100.0,9.2,149200.0,9.22,53100.0,9.19,145100.0,-10.875476873990001
2024-04-30 09:58:46,10831000.0,9.2,1932900.0,9.085,9584858.0,9.556,9.21,65300.0,9.2,138400.0,9.22,53100.0,9.19,145100.0,-10.875476873990001
2024-04-30 09:58:49,10832500.0,9.2,1933900.0,9.085,9586958.0,9.556,9.21,65400.0,9.2,138400.0,9.22,53100.0,9.19,147100.0,-10.875476873990001
2024-04-30 09:58:52,10833200.0,9.2,1949900.0,9.085,9595258.0,9.555,9.21,65400.0,9.2,145400.0,9.22,53100.0,9.19,147100.0,-21.739138996199
2024-04-30 09:58:55,10834900.0,9.21,1954000.0,9.085,9655558.0,9.553,9.21,99300.0,9.2,148100.0,9.22,53100.0,9.19,147500.0,-10.875476873990001
2024-04-30 09:58:58,10842300.0,9.2,1942600.0,9.084,9656958.0,9.553,9.21,99900.0,9.2,140700.0,9.22,53100.0,9.19,147500.0,-21.739138996199
2024-04-30 09:59:01,10844800.0,9.21,1941100.0,9.084,9660358.0,9.553,9.21,101300.0,9.2,139200.0,9.22,53100.0,9.19,147500.0,-10.875476873990001
2024-04-30 09:59:04,10848100.0,9.2,1941300.0,9.084,9658258.0,9.553,9.21,102600.0,9.2,137600.0,9.22,53100.0,9.19,149300.0,-10.875476873990001
2024-04-30 09:59:07,10864700.0,9.2,1928300.0,9.084,9649858.0,9.554,9.21,104000.0,9.2,124000.0,9.22,53100.0,9.19,149900.0,-10.875476873990001
2024-04-30 09:59:10,10867700.0,9.2,1925300.0,9.083,9651058.0,9.554,9.21,104900.0,9.2,121000.0,9.22,53100.0,9.19,149900.0,-10.875476873990001
2024-04-30 09:59:13,10874300.0,9.2,1928200.0,9.084,9653458.0,9.554,9.21,106600.0,9.2,127500.0,9.22,53100.0,9.19,149900.0,-10.875476873990001
2024-04-30 09:59:16,10876500.0,9.2,1926600.0,9.084,9655658.0,9.554,9.21,105200.0,9.2,125900.0,9.22,53100.0,9.19,149900.0,-10.875476873990001
2024-04-30 09:59:19,10882600.0,9.2,1922400.0,9.084,9658258.0,9.554,9.21,106100.0,9.2,121500.0,9.22,53100.0,9.19,149900.0,-10.875476873990001
2024-04-30 09:59:22,10889600.0,9.2,1924400.0,9.084,9650458.0,9.554,9.21,106100.0,9.2,115500.0,9.22,53100.0,9.19,149900.0,-21.739138996199
2024-04-30 09:59:25,10889700.0,9.21,1936900.0,9.083,9651858.0,9.554,9.21,106000.0,9.2,114100.0,9.22,53100.0,9.19,149900.0,-10.875476873990001
2024-04-30 09:59:28,10896600.0,9.2,1893300.0,9.081,9660558.0,9.554,9.21,108800.0,9.2,65400.0,9.22,53100.0,9.19,149900.0,-10.875476873990001
2024-04-30 09:59:31,10967300.0,9.2,1829600.0,9.076,9700858.0,9.552,9.2,39700.0,9.19,150900.0,9.21,109500.0,9.18,128400.0,-21.762794225956
2024-04-30 09:59:34,10978400.0,9.2,1826100.0,9.076,9702058.0,9.552,9.2,38200.0,9.19,147400.0,9.21,109500.0,9.18,128400.0,-21.762794225956
2024-04-30 09:59:37,10989200.0,9.2,1829600.0,9.076,9695358.0,9.552,9.2,27600.0,9.19,151800.0,9.21,107400.0,9.18,128400.0,-21.762794225956
2024-04-30 09:59:40,11010900.0,9.2,1851500.0,9.076,9690558.0,9.553,9.2,14600.0,9.19,144700.0,9.21,107400.0,9.18,128400.0,-21.762794225956
2024-04-30 09:59:43,11039100.0,9.2,1865600.0,9.077,9679958.0,9.554,9.21,111400.0,9.2,15700.0,9.22,52400.0,9.19,142600.0,-21.762794225956
2024-04-30 09:59:46,11043400.0,9.2,1880900.0,9.077,9679258.0,9.554,9.21,111400.0,9.2,21500.0,9.22,52400.0,9.19,144600.0,-21.762794225956
2024-04-30 09:59:49,11046400.0,9.2,1884000.0,9.077,9680958.0,9.554,9.21,112600.0,9.2,20500.0,9.22,52400.0,9.19,145600.0,-21.762794225956
2024-04-30 09:59:52,11050000.0,9.2,1888500.0,9.077,9693358.0,9.554,9.21,111800.0,9.2,18300.0,9.22,52400.0,9.19,145200.0,-21.762794225956
2024-04-30 09:59:55,11052100.0,9.2,1890600.0,9.077,9696058.0,9.553,9.21,113300.0,9.2,21200.0,9.22,52400.0,9.19,144900.0,-32.626456348165
2024-04-30 09:59:58,11066100.0,9.21,1888100.0,9.077,9706358.0,9.553,9.21,110900.0,9.2,10700.0,9.22,52400.0,9.19,145900.0,-21.762794225956
2024-04-30 10:00:01,11068000.0,9.2,1887300.0,9.076,9706358.0,9.553,9.21,109900.0,9.2,9800.0,9.22,52400.0,9.19,146200.0,-21.762794225956
2024-04-30 10:00:04,11070200.0,9.2,1889500.0,9.077,9705058.0,9.553,9.21,108700.0,9.2,11900.0,9.22,51800.0,9.19,145800.0,-21.762794225956
2024-04-30 10:00:07,11074500.0,9.2,1887400.0,9.076,9732158.0,9.552,9.21,125800.0,9.2,9700.0,9.22,61800.0,9.19,145800.0,-21.762794225956
2024-04-30 10:00:10,11083900.0,9.2,1877600.0,9.076,9732158.0,9.552,9.21,125800.0,9.2,300.0,9.22,61800.0,9.19,145400.0,-21.762794225956
2024-04-30 10:00:13,11090400.0,9.2,1947000.0,9.08,9733058.0,9.552,9.21,126800.0,9.2,69000.0,9.22,61800.0,9.19,146000.0,-32.626456348165
2024-04-30 10:00:16,11091500.0,9.21,1957400.0,9.081,9731158.0,9.552,9.21,124700.0,9.2,81800.0,9.22,62000.0,9.19,146000.0,-21.762794225956
2024-04-30 10:00:19,11100300.0,9.2,1953400.0,9.081,9731958.0,9.552,9.21,124700.0,9.2,76300.0,9.22,62000.0,9.19,146000.0,-21.762794225956
2024-04-30 10:00:22,11100500.0,9.2,1957300.0,9.081,9736658.0,9.552,9.21,129400.0,9.2,78800.0,9.22,62000.0,9.19,145400.0,-21.762794225956
2024-04-30 10:00:25,11108100.0,9.2,1950000.0,9.08,9742258.0,9.552,9.21,129200.0,9.2,71400.0,9.22,62500.0,9.19,145500.0,-21.762794225956
2024-04-30 10:00:28,11109800.0,9.2,1954800.0,9.081,9750958.0,9.552,9.21,131500.0,9.2,71300.0,9.22,68900.0,9.19,145500.0,-21.762794225956
2024-04-30 10:00:31,11110000.0,9.2,1956200.0,9.081,9750958.0,9.552,9.21,131500.0,9.2,72100.0,9.22,68900.0,9.19,146100.0,-21.762794225956
2024-04-30 10:00:34,11110600.0,9.2,1955700.0,9.081,9742758.0,9.552,9.21,131500.0,9.2,71600.0,9.22,68900.0,9.19,146100.0,-21.762794225956
2024-04-30 10:00:37,11124300.0,9.2,1947200.0,9.08,9742758.0,9.552,9.21,131500.0,9.2,59400.0,9.22,68900.0,9.19,151100.0,-21.762794225956
2024-04-30 10:00:40,11127400.0,9.2,1945600.0,9.08,9746058.0,9.552,9.21,134800.0,9.2,57800.0,9.22,68900.0,9.19,151100.0,-21.762794225956
2024-04-30 10:00:43,11165200.0,9.2,1911600.0,9.078,9747458.0,9.552,9.21,135600.0,9.2,21300.0,9.22,68900.0,9.19,151100.0,-21.762794225956
2024-04-30 10:00:46,11187300.0,9.2,1902300.0,9.077,9770058.0,9.551,9.2,16600.0,9.19,153100.0,9.21,143600.0,9.18,132100.0,-21.762794225956
2024-04-30 10:00:49,11193200.0,9.2,1908900.0,9.077,9756658.0,9.552,9.2,5000.0,9.19,157700.0,9.21,139300.0,9.18,132100.0,-21.762794225956
2024-04-30 10:00:52,11203100.0,9.2,1913800.0,9.077,9758058.0,9.552,9.2,3500.0,9.19,159600.0,9.21,140800.0,9.18,135100.0,-21.762794225956
2024-04-30 10:00:55,11207300.0,9.2,1914500.0,9.077,9758558.0,9.552,9.2,4000.0,9.19,160300.0,9.21,140700.0,9.18,135100.0,-21.762794225956
2024-04-30 10:00:58,11210400.0,9.2,1922400.0,9.078,9730558.0,9.553,9.2,2900.0,9.19,165700.0,9.21,112800.0,9.18,135100.0,-21.762794225956
2024-04-30 10:01:01,11211500.0,9.2,1921800.0,9.078,9806758.0,9.55,9.2,59100.0,9.19,165100.0,9.21,112800.0,9.18,135100.0,-21.762794225956
2024-04-30 10:01:04,11274200.0,9.2,1955400.0,9.08,9754058.0,9.552,9.21,117500.0,9.2,35700.0,9.22,68900.0,9.19,162800.0,-32.626456348165
2024-04-30 10:01:07,11285600.0,9.21,1959500.0,9.08,9742258.0,9.552,9.21,106100.0,9.2,37000.0,9.22,69000.0,9.19,164100.0,-32.626456348165
2024-04-30 10:01:10,11376500.0,9.21,1992000.0,9.082,9652558.0,9.556,9.22,84300.0,9.21,1400.0,9.23,63900.0,9.2,69100.0,-32.626456348165
2024-04-30 10:01:13,11383300.0,9.21,1981600.0,9.082,9656558.0,9.556,9.22,84300.0,9.21,900.0,9.23,64000.0,9.2,72100.0,-32.626456348165
2024-04-30 10:01:16,11383800.0,9.21,1981400.0,9.082,9661958.0,9.556,9.22,86200.0,9.21,2700.0,9.23,64000.0,9.2,72400.0,-43.478329361037
2024-04-30 10:01:19,11388700.0,9.22,1993800.0,9.082,9661358.0,9.556,9.22,84900.0,9.21,3200.0,9.23,64000.0,9.2,84400.0,-32.626456348165
2024-04-30 10:01:22,11394500.0,9.21,1979100.0,9.082,9659358.0,9.556,9.22,85200.0,9.2,77200.0,9.23,64000.0,9.19,148200.0,-32.626456348165
2024-04-30 10:01:25,11395100.0,9.21,2018100.0,9.084,9647558.0,9.556,9.22,85100.0,9.21,1100.0,9.23,64000.0,9.2,114100.0,-32.626456348165
2024-04-30 10:01:28,11403100.0,9.21,2017400.0,9.084,9651258.0,9.556,9.21,3000.0,9.2,117900.0,9.22,86100.0,9.19,143100.0,-43.478329361037
2024-04-30 10:01:31,11409100.0,9.22,2027600.0,9.084,9684958.0,9.556,9.22,84800.0,9.21,2300.0,9.23,64000.0,9.2,118900.0,-32.626456348165
2024-04-30 10:01:34,11411200.0,9.21,2027200.0,9.084,9674958.0,9.557,9.22,84800.0,9.21,1900.0,9.23,64000.0,9.2,118300.0,-32.626456348165
2024-04-30 10:01:37,11413200.0,9.21,2040900.0,9.085,9697158.0,9.556,9.22,85500.0,9.21,8500.0,9.23,64000.0,9.2,118300.0,-32.626456348165
2024-04-30 10:01:40,11422700.0,9.21,2038300.0,9.084,9700458.0,9.556,9.21,6900.0,9.2,123200.0,9.22,85700.0,9.19,143100.0,-43.478329361037
2024-04-30 10:01:43,11431900.0,9.22,2034400.0,9.084,9695058.0,9.556,9.22,85500.0,9.21,7200.0,9.23,64400.0,9.2,126100.0,-32.626456348165
2024-04-30 10:01:46,11432100.0,9.21,2057700.0,9.086,9694558.0,9.556,9.22,85500.0,9.21,14800.0,9.23,64400.0,9.2,125900.0,-43.478329361037
2024-04-30 10:01:49,11432200.0,9.22,2057100.0,9.086,9700658.0,9.556,9.22,85400.0,9.21,18100.0,9.23,65100.0,9.2,128100.0,-32.626456348165
2024-04-30 10:01:52,11437200.0,9.21,2195700.0,9.093,9694258.0,9.556,9.22,85900.0,9.21,38600.0,9.23,58200.0,9.2,246200.0,-43.478329361037
2024-04-30 10:01:55,11438000.0,9.22,2200800.0,9.093,9684058.0,9.556,9.22,63300.0,9.21,41200.0,9.23,65100.0,9.2,245400.0,-43.478329361037
2024-04-30 10:01:58,11438500.0,9.22,2206900.0,9.093,9689958.0,9.556,9.22,62800.0,9.21,44600.0,9.23,65500.0,9.2,248300.0,-32.626456348165
2024-04-30 10:02:01,11453800.0,9.21,2201200.0,9.093,9703258.0,9.556,9.22,76100.0,9.21,32600.0,9.23,65500.0,9.2,254600.0,-32.626456348165
2024-04-30 10:02:04,11455300.0,9.21,2217200.0,9.094,9704858.0,9.556,9.22,75200.0,9.21,46000.0,9.23,65500.0,9.2,256200.0,-32.626456348165
2024-04-30 10:02:07,11458800.0,9.21,2220800.0,9.094,9706258.0,9.556,9.22,75900.0,9.21,50200.0,9.23,65500.0,9.2,256600.0,-32.626456348165
2024-04-30 10:02:10,11458800.0,9.21,2224900.0,9.094,9776258.0,9.559,9.22,75900.0,9.21,51900.0,9.23,65500.0,9.2,260000.0,-43.478329361037
2024-04-30 10:02:13,11460600.0,9.22,2252300.0,9.095,9775658.0,9.559,9.22,74800.0,9.21,58300.0,9.23,65500.0,9.2,281000.0,-43.478329361037
2024-04-30 10:02:16,11466100.0,9.22,2255900.0,9.096,9768658.0,9.559,9.22,72300.0,9.21,61900.0,9.23,65500.0,9.2,281000.0,-43.478329361037
2024-04-30 10:02:19,11466100.0,9.22,2259200.0,9.096,9773858.0,9.559,9.22,72300.0,9.21,64600.0,9.23,65500.0,9.2,281500.0,-43.478329361037
2024-04-30 10:02:22,11467100.0,9.22,2264600.0,9.096,9779858.0,9.559,9.22,71300.0,9.21,65800.0,9.23,65500.0,9.2,288200.0,-43.478329361037
2024-04-30 10:02:25,11467300.0,9.22,2266800.0,9.096,9814458.0,9.558,9.22,72400.0,9.21,66700.0,9.23,65500.0,9.2,288300.0,-43.478329361037
2024-04-30 10:02:28,11467300.0,9.22,2264900.0,9.096,9814658.0,9.558,9.22,73500.0,9.21,67800.0,9.23,65500.0,9.2,288300.0,-43.478329361037
2024-04-30 10:02:31,11469000.0,9.22,2265200.0,9.096,9812558.0,9.558,9.22,72300.0,9.21,67500.0,9.23,65500.0,9.2,288300.0,-32.626456348165
2024-04-30 10:02:34,11469300.0,9.21,2266800.0,9.096,9833058.0,9.557,9.22,76100.0,9.21,68200.0,9.23,65500.0,9.2,289200.0,-32.626456348165
2024-04-30 10:02:37,11469900.0,9.21,2148600.0,9.09,9834458.0,9.557,9.22,76100.0,9.21,67600.0,9.23,65500.0,9.2,171400.0,-32.626456348165
2024-04-30 10:02:40,11475000.0,9.21,2156700.0,9.091,9834458.0,9.557,9.22,76600.0,9.21,65700.0,9.23,65500.0,9.2,171400.0,-32.626456348165
2024-04-30 10:02:43,11481000.0,9.21,2152900.0,9.091,9827558.0,9.558,9.22,74900.0,9.21,59900.0,9.23,65500.0,9.2,173400.0,-32.626456348165
2024-04-30 10:02:46,11481000.0,9.21,2163600.0,9.091,9824358.0,9.557,9.22,74900.0,9.21,60200.0,9.23,65500.0,9.2,183100.0,-32.626456348165
2024-04-30 10:02:49,11483300.0,9.21,2218300.0,9.094,9821658.0,9.557,9.22,72800.0,9.21,60200.0,9.23,65500.0,9.2,237800.0,-32.626456348165
2024-04-30 10:02:52,11483300.0,9.21,2216400.0,9.094,9806758.0,9.557,9.22,72800.0,9.21,61200.0,9.23,66400.0,9.2,234900.0,-32.626456348165
2024-04-30 10:02:55,11497100.0,9.21,2198100.0,9.093,9813858.0,9.557,9.22,74900.0,9.21,42900.0,9.23,66400.0,9.2,234900.0,-32.626456348165
2024-04-30 10:02:58,11501800.0,9.21,2199600.0,9.093,9831558.0,9.557,9.22,75200.0,9.21,42800.0,9.23,66400.0,9.2,235900.0,-32.626456348165
2024-04-30 10:03:01,11501800.0,9.21,2211800.0,9.093,9832058.0,9.557,9.22,75700.0,9.21,55100.0,9.23,66400.0,9.2,235900.0,-43.478329361037
2024-04-30 10:03:04,11502300.0,9.22,2216700.0,9.094,9835158.0,9.557,9.22,76500.0,9.21,57400.0,9.23,66400.0,9.2,234900.0,-32.626456348165
2024-04-30 10:03:07,11503000.0,9.21,2230100.0,9.094,9837758.0,9.557,9.22,76500.0,9.21,68300.0,9.23,66100.0,9.2,234900.0,-43.478329361037
2024-04-30 10:03:10,11503500.0,9.22,2231100.0,9.094,9837358.0,9.557,9.22,76100.0,9.21,68300.0,9.23,66100.0,9.2,234900.0,-32.626456348165
2024-04-30 10:03:13,11504000.0,9.21,2230600.0,9.094,9847558.0,9.557,9.22,76100.0,9.21,67800.0,9.23,66100.0,9.2,234900.0,-32.626456348165
2024-04-30 10:03:16,11504200.0,9.21,2234300.0,9.094,9838358.0,9.557,9.22,76100.0,9.21,69600.0,9.23,68100.0,9.2,234800.0,-32.626456348165
2024-04-30 10:03:19,11504700.0,9.21,2236800.0,9.094,9844058.0,9.557,9.22,77300.0,9.21,72100.0,9.23,68100.0,9.2,234800.0,-32.626456348165
2024-04-30 10:03:22,11506100.0,9.21,2236900.0,9.094,9844158.0,9.557,9.22,78400.0,9.21,72100.0,9.23,68100.0,9.2,234800.0,-43.478329361037
2024-04-30 10:03:25,11509500.0,9.22,2233500.0,9.095,9840558.0,9.557,9.22,75200.0,9.21,72200.0,9.23,67700.0,9.2,234900.0,-43.478329361037
2024-04-30 10:03:28,11509500.0,9.22,2234700.0,9.095,9863458.0,9.557,9.22,75200.0,9.21,73200.0,9.23,67700.0,9.2,235100.0,-43.478329361037
2024-04-30 10:03:31,11509500.0,9.22,2236700.0,9.095,9864958.0,9.557,9.22,75200.0,9.21,73200.0,9.23,67700.0,9.2,235100.0,-43.478329361037
2024-04-30 10:03:34,11509500.0,9.22,2237400.0,9.095,9875158.0,9.556,9.22,76100.0,9.21,73400.0,9.23,67700.0,9.2,235600.0,-32.626456348165
2024-04-30 10:03:37,11509900.0,9.21,2241200.0,9.095,9866558.0,9.557,9.22,75900.0,9.21,74000.0,9.23,61400.0,9.2,235600.0,-32.626456348165
2024-04-30 10:03:40,11509900.0,9.21,2242100.0,9.095,9866558.0,9.557,9.22,75900.0,9.21,75300.0,9.23,61400.0,9.2,236600.0,-32.626456348165
2024-04-30 10:03:43,11510100.0,9.21,2252700.0,9.095,9878158.0,9.556,9.22,87500.0,9.21,77100.0,9.23,61400.0,9.2,237100.0,-32.626456348165
2024-04-30 10:03:46,11510900.0,9.21,2257000.0,9.095,9910458.0,9.555,9.22,92900.0,9.21,80000.0,9.23,61400.0,9.2,238100.0,-32.626456348165
2024-04-30 10:03:49,11593400.0,9.21,2151500.0,9.09,9899058.0,9.556,9.21,4500.0,9.2,212600.0,9.22,92000.0,9.19,136100.0,-32.626456348165
2024-04-30 10:03:52,11593400.0,9.21,2155800.0,9.09,9902558.0,9.555,9.21,7700.0,9.2,216600.0,9.22,92000.0,9.19,136100.0,-32.626456348165
2024-04-30 10:03:55,11600700.0,9.21,2155000.0,9.09,9906658.0,9.555,9.21,400.0,9.2,215800.0,9.22,102000.0,9.19,136100.0,-32.626456348165
2024-04-30 10:03:58,11616100.0,9.21,2153200.0,9.09,9908858.0,9.555,9.21,2600.0,9.2,212000.0,9.22,102000.0,9.19,136100.0,-32.626456348165
2024-04-30 10:04:01,11620100.0,9.21,2156500.0,9.09,9907558.0,9.555,9.21,300.0,9.2,213500.0,9.22,102000.0,9.19,136000.0,-32.626456348165
2024-04-30 10:04:04,11620100.0,9.21,2160000.0,9.09,9911958.0,9.555,9.22,105100.0,9.2,201400.0,9.23,60700.0,9.19,136000.0,-32.626456348165
2024-04-30 10:04:07,11620400.0,9.21,2160400.0,9.09,9912458.0,9.555,9.21,100.0,9.2,201800.0,9.22,105100.0,9.19,136000.0,-32.626456348165
2024-04-30 10:04:10,11625900.0,9.21,2180000.0,9.091,9913958.0,9.555,9.22,105100.0,9.21,900.0,9.23,60700.0,9.2,203800.0,-32.626456348165
2024-04-30 10:04:13,11630500.0,9.21,2182800.0,9.091,9917158.0,9.555,9.21,2300.0,9.2,207500.0,9.22,105100.0,9.19,152700.0,-32.626456348165
2024-04-30 10:04:16,11632800.0,9.21,2185000.0,9.091,9914358.0,9.555,9.22,105100.0,9.21,300.0,9.23,61700.0,9.2,208400.0,-43.478329361037
2024-04-30 10:04:19,11633700.0,9.22,2171900.0,9.091,9913958.0,9.555,9.22,104700.0,9.2,207700.0,9.23,61700.0,9.19,137500.0,-32.626456348165
2024-04-30 10:04:22,11633800.0,9.21,2174000.0,9.091,9914058.0,9.555,9.22,104800.0,9.21,2100.0,9.23,61700.0,9.2,208700.0,-32.626456348165
2024-04-30 10:04:25,11637200.0,9.21,2188200.0,9.091,9914058.0,9.555,9.22,104800.0,9.21,1500.0,9.23,61700.0,9.2,224000.0,-32.626456348165
2024-04-30 10:04:28,11640900.0,9.21,2195800.0,9.092,9911758.0,9.555,9.22,102000.0,9.21,2900.0,9.23,61700.0,9.2,235100.0,-32.626456348165
2024-04-30 10:04:31,11647500.0,9.21,2194600.0,9.092,9914458.0,9.555,9.21,2200.0,9.2,236800.0,9.22,102000.0,9.19,137000.0,-32.626456348165
2024-04-30 10:04:34,11649600.0,9.21,2197100.0,9.092,9914658.0,9.555,9.21,1100.0,9.2,236800.0,9.22,102000.0,9.19,137000.0,-32.626456348165
2024-04-30 10:04:37,11650800.0,9.21,2202800.0,9.092,9919558.0,9.555,9.22,109900.0,9.21,5200.0,9.23,61700.0,9.2,237300.0,-32.626456348165
2024-04-30 10:04:40,11651600.0,9.21,2216200.0,9.093,9912058.0,9.555,9.22,111400.0,9.21,18400.0,9.23,61700.0,9.2,237500.0,-32.626456348165
2024-04-30 10:04:43,11654000.0,9.21,2215000.0,9.093,9912758.0,9.555,9.22,109500.0,9.21,17100.0,9.23,61700.0,9.2,237600.0,-32.626456348165
2024-04-30 10:04:46,11654000.0,9.21,2225700.0,9.094,9914958.0,9.555,9.22,109500.0,9.21,28200.0,9.23,61700.0,9.2,237200.0,-32.626456348165
2024-04-30 10:04:49,11654500.0,9.21,2220900.0,9.094,9914958.0,9.555,9.22,109500.0,9.21,29400.0,9.23,61700.0,9.2,237200.0,-32.626456348165
2024-04-30 10:04:52,11673600.0,9.21,2205000.0,9.093,9908458.0,9.555,9.22,108200.0,9.21,12900.0,9.23,54800.0,9.2,236800.0,-32.626456348165
2024-04-30 10:04:55,11675400.0,9.21,2204400.0,9.093,9908958.0,9.555,9.22,108900.0,9.21,11500.0,9.23,54800.0,9.2,236700.0,-32.626456348165
2024-04-30 10:04:58,11690500.0,9.21,2193300.0,9.092,9922358.0,9.555,9.21,7200.0,9.2,237100.0,9.22,108200.0,9.19,137000.0,-43.478329361037
2024-04-30 10:05:01,11701900.0,9.22,2199300.0,9.092,9914658.0,9.555,9.22,104500.0,9.21,4500.0,9.23,61700.0,9.2,239600.0,-32.626456348165
2024-04-30 10:05:04,11702000.0,9.21,2211200.0,9.093,9914658.0,9.555,9.22,104500.0,9.21,15500.0,9.23,61700.0,9.2,240500.0,-32.626456348165
2024-04-30 10:05:07,11720900.0,9.21,2195400.0,9.092,9915758.0,9.555,9.21,1700.0,9.2,239700.0,9.22,103900.0,9.19,136500.0,-32.626456348165
2024-04-30 10:05:10,11722600.0,9.21,2200400.0,9.092,9914258.0,9.555,9.22,103900.0,9.21,2300.0,9.23,61700.0,9.2,242400.0,-43.478329361037
2024-04-30 10:05:13,11723300.0,9.22,2199500.0,9.092,9914658.0,9.555,9.22,103200.0,9.21,4100.0,9.23,61700.0,9.2,239700.0,-43.478329361037
2024-04-30 10:05:16,11723500.0,9.22,2198600.0,9.093,9909258.0,9.556,9.22,103000.0,9.21,9200.0,9.23,61700.0,9.2,239800.0,-32.626456348165
2024-04-30 10:05:19,11724200.0,9.21,2195500.0,9.093,9910758.0,9.556,9.22,103000.0,9.21,10900.0,9.23,62200.0,9.2,239000.0,-32.626456348165
2024-04-30 10:05:22,11724700.0,9.21,2199100.0,9.093,9900758.0,9.556,9.22,103000.0,9.21,14500.0,9.23,62200.0,9.2,238000.0,-32.626456348165
2024-04-30 10:05:25,11725100.0,9.21,2198000.0,9.093,9900758.0,9.556,9.22,103000.0,9.21,17900.0,9.23,62200.0,9.2,238700.0,-32.626456348165
2024-04-30 10:05:28,11726200.0,9.21,2206700.0,9.093,9900758.0,9.556,9.22,103000.0,9.21,21500.0,9.23,62200.0,9.2,244300.0,-32.626456348165
2024-04-30 10:05:31,11746200.0,9.21,2141700.0,9.09,9906658.0,9.556,9.22,107500.0,9.21,2800.0,9.23,62200.0,9.2,198200.0,-32.626456348165
2024-04-30 10:05:34,11748900.0,9.21,2138700.0,9.09,9910458.0,9.556,9.22,108300.0,9.21,2600.0,9.23,62200.0,9.2,198200.0,-32.626456348165
2024-04-30 10:05:37,11754500.0,9.21,2136600.0,9.09,9912858.0,9.556,9.21,2400.0,9.2,198200.0,9.22,108300.0,9.19,131600.0,-32.626456348165
2024-04-30 10:05:40,11757000.0,9.21,2144500.0,9.09,9911458.0,9.556,9.22,108300.0,9.21,8100.0,9.23,62200.0,9.2,199000.0,-43.478329361037
2024-04-30 10:05:43,11757700.0,9.22,2148400.0,9.09,9912758.0,9.556,9.22,107600.0,9.21,11400.0,9.23,62200.0,9.2,198700.0,-32.626456348165
2024-04-30 10:05:46,11759000.0,9.21,2148700.0,9.09,9913458.0,9.556,9.22,107800.0,9.21,13700.0,9.23,62200.0,9.2,197900.0,-32.626456348165
2024-04-30 10:05:49,11760400.0,9.21,2147800.0,9.09,9933858.0,9.555,9.22,107800.0,9.21,11600.0,9.23,82200.0,9.2,197900.0,-32.626456348165
2024-04-30 10:05:52,11762400.0,9.21,2153000.0,9.09,9932858.0,9.555,9.22,107800.0,9.21,10200.0,9.23,82200.0,9.2,197500.0,-32.626456348165
2024-04-30 10:05:55,11766100.0,9.21,2182400.0,9.092,9931458.0,9.555,9.22,106800.0,9.21,36500.0,9.23,82200.0,9.2,197600.0,-32.626456348165
2024-04-30 10:05:58,11768100.0,9.21,2184400.0,9.092,9934258.0,9.555,9.22,106800.0,9.21,38500.0,9.23,83200.0,9.2,197600.0,-32.626456348165
2024-04-30 10:06:01,11768100.0,9.21,2186200.0,9.092,9941958.0,9.555,9.22,106900.0,9.21,40300.0,9.23,85700.0,9.2,196600.0,-32.626456348165
2024-04-30 10:06:04,11768100.0,9.21,2187100.0,9.092,9941458.0,9.555,9.22,107400.0,9.21,42900.0,9.23,85700.0,9.2,197500.0,-32.626456348165
2024-04-30 10:06:07,11768300.0,9.21,2187900.0,9.092,9932358.0,9.555,9.22,107300.0,9.21,42700.0,9.23,85700.0,9.2,197500.0,-32.626456348165
2024-04-30 10:06:10,11769500.0,9.21,2183900.0,9.092,9943358.0,9.555,9.22,107300.0,9.21,42600.0,9.23,85700.0,9.2,197500.0,-32.626456348165
2024-04-30 10:06:13,11773900.0,9.21,2183900.0,9.091,9944658.0,9.555,9.22,108100.0,9.21,43700.0,9.23,85700.0,9.2,198000.0,-32.626456348165
2024-04-30 10:06:16,11787600.0,9.21,2181900.0,9.091,9944958.0,9.555,9.22,108100.0,9.21,38700.0,9.23,85700.0,9.2,201000.0,-32.626456348165
2024-04-30 10:06:19,11791800.0,9.21,2178200.0,9.091,9955358.0,9.555,9.22,109500.0,9.21,35000.0,9.23,95700.0,9.2,201000.0,-32.626456348165
2024-04-30 10:06:22,11799200.0,9.21,2170800.0,9.091,9957158.0,9.555,9.22,111200.0,9.21,27600.0,9.23,95800.0,9.2,201000.0,-32.626456348165
