time,Volume,LastPrice,TotalBidQty,WeightedAvgBidPx,TotalOfferQty,WeightedAvgOfferPx,AskPrice1,AskVolume1,BidPrice1,BidVolume1,AskPrice2,AskVolume2,BidPrice2,BidVolume2,LogReturn
2024-04-30 09:30:00,260600.0,3.38,2126100.0,3.335,5788911.0,3.55,3.38,272600.0,3.37,380400.0,3.39,302500.0,3.36,361500.0,0.0029542118974317244
2024-04-30 09:30:03,349800.0,3.38,2692000.0,3.337,7075811.0,3.535,3.38,280100.0,3.37,518600.0,3.39,335400.0,3.36,349800.0,0.005917177028088583
2024-04-30 09:30:06,655700.0,3.37,2542800.0,3.333,7313111.0,3.534,3.38,282600.0,3.37,253000.0,3.39,345900.0,3.36,378400.0,0.0029542118974317244
2024-04-30 09:30:09,684300.0,3.38,2782700.0,3.335,7584811.0,3.53,3.38,293600.0,3.37,358000.0,3.39,485100.0,3.36,397700.0,0.0029542118974317244
2024-04-30 09:30:12,849300.0,3.38,2756200.0,3.333,7689511.0,3.529,3.38,313800.0,3.37,200300.0,3.39,498100.0,3.36,459200.0,0.0
2024-04-30 09:30:15,861100.0,3.38,2877600.0,3.333,7930011.0,3.527,3.38,433000.0,3.37,198900.0,3.39,499100.0,3.36,524000.0,0.0029629651306568583
2024-04-30 09:30:18,891000.0,3.37,2915700.0,3.333,8097711.0,3.524,3.38,443500.0,3.37,187900.0,3.39,505000.0,3.36,554300.0,0.0029629651306568583
2024-04-30 09:30:21,978400.0,3.37,2972100.0,3.334,7990911.0,3.526,3.38,454400.0,3.37,216800.0,3.39,368900.0,3.36,564300.0,0.005917177028088583
2024-04-30 09:30:24,1061100.0,3.37,2921900.0,3.333,8000011.0,3.526,3.38,458800.0,3.37,150700.0,3.39,368900.0,3.36,564300.0,0.0
2024-04-30 09:30:27,1223200.0,3.38,2778500.0,3.331,8148811.0,3.529,3.38,452300.0,3.37,7300.0,3.39,368900.0,3.36,564300.0,0.008888947417246218
2024-04-30 09:30:30,1251900.0,3.36,2769400.0,3.33,8330311.0,3.527,3.37,17400.0,3.36,559500.0,3.38,451400.0,3.35,821400.0,0.005917177028088583
2024-04-30 09:30:33,1298400.0,3.37,2777400.0,3.331,8394911.0,3.526,3.37,36300.0,3.36,563600.0,3.38,463800.0,3.35,821400.0,0.0029629651306568583
2024-04-30 09:30:36,1324700.0,3.37,2761000.0,3.33,8397611.0,3.526,3.37,55500.0,3.36,544700.0,3.38,447300.0,3.35,823400.0,0.0059347355198144935
2024-04-30 09:30:39,1379800.0,3.36,2716000.0,3.329,8395711.0,3.526,3.37,57000.0,3.36,485300.0,3.38,446100.0,3.35,803200.0,0.005917177028088583
2024-04-30 09:30:42,1385100.0,3.37,2712800.0,3.329,8417911.0,3.526,3.37,68500.0,3.36,461900.0,3.38,442300.0,3.35,803200.0,0.008888947417246218
2024-04-30 09:30:45,1385600.0,3.36,2727200.0,3.329,8394511.0,3.526,3.37,68400.0,3.36,476100.0,3.38,441900.0,3.35,803400.0,0.0059347355198144935
2024-04-30 09:30:48,1386000.0,3.36,2773600.0,3.33,8477111.0,3.525,3.37,76200.0,3.36,487700.0,3.38,400500.0,3.35,828700.0,0.0059347355198144935
2024-04-30 09:30:51,1390000.0,3.36,2811100.0,3.33,8549011.0,3.524,3.37,111700.0,3.36,487600.0,3.38,436900.0,3.35,831700.0,0.0059347355198144935
2024-04-30 09:30:54,1425000.0,3.36,2791900.0,3.33,8548811.0,3.524,3.37,109600.0,3.36,456300.0,3.38,435700.0,3.35,841800.0,0.008888947417246218
2024-04-30 09:30:57,1432400.0,3.36,2792000.0,3.33,8621811.0,3.523,3.37,147300.0,3.36,450400.0,3.38,489000.0,3.35,847800.0,0.005917177028088583
2024-04-30 09:31:00,1442800.0,3.37,2793900.0,3.33,8614011.0,3.523,3.37,140000.0,3.36,466600.0,3.38,486200.0,3.35,852800.0,0.008888947417246218
2024-04-30 09:31:03,1577000.0,3.36,2773900.0,3.329,8557411.0,3.524,3.37,93900.0,3.36,388500.0,3.38,471200.0,3.35,865800.0,0.005917177028088583
2024-04-30 09:31:06,1641700.0,3.37,2768300.0,3.329,8507311.0,3.525,3.37,51900.0,3.36,369400.0,3.38,463100.0,3.35,865800.0,0.005917177028088583
2024-04-30 09:31:09,1653700.0,3.37,2841800.0,3.33,8463611.0,3.526,3.37,43800.0,3.36,413900.0,3.38,427900.0,3.35,884300.0,0.0029629651306568583
2024-04-30 09:31:12,1739700.0,3.37,2875800.0,3.33,8475911.0,3.526,3.38,467500.0,3.37,3100.0,3.39,485900.0,3.36,438900.0,0.005917177028088583
2024-04-30 09:31:15,1803600.0,3.37,2911500.0,3.33,8526111.0,3.525,3.37,16500.0,3.36,459700.0,3.38,494400.0,3.35,896300.0,0.008888947417246218
2024-04-30 09:31:18,1843300.0,3.36,2891400.0,3.33,8475611.0,3.526,3.37,4300.0,3.36,438600.0,3.38,460800.0,3.35,897300.0,0.008888947417246218
2024-04-30 09:31:21,1845600.0,3.36,2893700.0,3.33,8516511.0,3.525,3.37,26400.0,3.36,438900.0,3.38,470700.0,3.35,899300.0,0.008888947417246218
2024-04-30 09:31:24,1861300.0,3.36,2895400.0,3.33,8507111.0,3.526,3.37,12100.0,3.36,440600.0,3.38,470600.0,3.35,899300.0,0.005917177028088583
2024-04-30 09:31:27,1868700.0,3.37,3033900.0,3.331,8509111.0,3.526,3.37,13800.0,3.36,492500.0,3.38,470400.0,3.35,929300.0,0.0029629651306568583
2024-04-30 09:31:30,1870800.0,3.37,3096100.0,3.331,8507911.0,3.526,3.37,17600.0,3.36,549700.0,3.38,470400.0,3.35,929300.0,0.005917177028088583
2024-04-30 09:31:33,1890200.0,3.37,3072600.0,3.331,8504911.0,3.526,3.38,470400.0,3.37,1200.0,3.39,490800.0,3.36,549700.0,0.005917177028088583
2024-04-30 09:31:36,1897200.0,3.37,3284700.0,3.332,8573911.0,3.525,3.38,515400.0,3.37,32500.0,3.39,490800.0,3.36,565400.0,0.0029629651306568583
2024-04-30 09:31:39,1897700.0,3.37,3432300.0,3.333,8614111.0,3.524,3.38,531800.0,3.37,88800.0,3.39,490800.0,3.36,647000.0,0.0029629651306568583
2024-04-30 09:31:42,1899700.0,3.37,3471600.0,3.333,8661611.0,3.524,3.38,535300.0,3.37,90700.0,3.39,490800.0,3.36,684400.0,0.005917177028088583
2024-04-30 09:31:45,1919700.0,3.37,3472900.0,3.333,8661911.0,3.524,3.38,536500.0,3.37,85400.0,3.39,490800.0,3.36,684000.0,0.005917177028088583
2024-04-30 09:31:48,1921700.0,3.37,3525200.0,3.334,8663411.0,3.524,3.38,538000.0,3.37,113500.0,3.39,490800.0,3.36,719400.0,0.0029629651306568583
2024-04-30 09:31:51,1922200.0,3.37,3523200.0,3.334,8664911.0,3.524,3.38,538000.0,3.37,114800.0,3.39,490800.0,3.36,718100.0,0.0029629651306568583
2024-04-30 09:31:54,1928900.0,3.37,3552700.0,3.334,8667611.0,3.523,3.38,538600.0,3.37,138500.0,3.39,490800.0,3.36,723900.0,0.0029629651306568583
2024-04-30 09:31:57,1931600.0,3.37,3562700.0,3.334,8668611.0,3.523,3.38,538600.0,3.37,137500.0,3.39,490800.0,3.36,734900.0,0.0029629651306568583
2024-04-30 09:32:00,1933200.0,3.37,3571600.0,3.334,8619411.0,3.524,3.38,543300.0,3.37,152700.0,3.39,436900.0,3.36,726600.0,0.0029629651306568583
2024-04-30 09:32:03,1933800.0,3.37,3617200.0,3.334,8622511.0,3.524,3.38,546400.0,3.37,167900.0,3.39,436900.0,3.36,737000.0,0.0029629651306568583
2024-04-30 09:32:06,1934500.0,3.37,3649100.0,3.334,8624711.0,3.524,3.38,549700.0,3.37,167200.0,3.39,434100.0,3.36,758600.0,0.005917177028088583
2024-04-30 09:32:09,2031100.0,3.37,3588400.0,3.334,8623411.0,3.524,3.38,544200.0,3.37,105500.0,3.39,438100.0,3.36,758600.0,0.005917177028088583
2024-04-30 09:32:12,2044600.0,3.37,3574700.0,3.334,8625011.0,3.524,3.38,552500.0,3.37,94800.0,3.39,431300.0,3.36,760600.0,0.005917177028088583
2024-04-30 09:32:15,2049900.0,3.37,3604000.0,3.334,8651011.0,3.524,3.38,568400.0,3.37,124700.0,3.39,431300.0,3.36,752600.0,0.005917177028088583
2024-04-30 09:32:18,2183900.0,3.37,3448500.0,3.333,8657411.0,3.524,3.37,2000.0,3.36,721800.0,3.38,562800.0,3.35,947000.0,0.005917177028088583
2024-04-30 09:32:21,2183900.0,3.37,3452600.0,3.333,8659611.0,3.524,3.37,28700.0,3.36,725800.0,3.38,538400.0,3.35,947100.0,0.0029629651306568583
2024-04-30 09:32:24,2197900.0,3.37,3464300.0,3.333,8656911.0,3.524,3.37,18800.0,3.36,726800.0,3.38,546000.0,3.35,957100.0,0.005917177028088583
2024-04-30 09:32:27,2197900.0,3.37,3474400.0,3.333,8664011.0,3.524,3.37,27800.0,3.36,734900.0,3.38,544100.0,3.35,959100.0,0.0029629651306568583
2024-04-30 09:32:30,2208400.0,3.37,3474500.0,3.333,8671811.0,3.524,3.37,38000.0,3.36,735000.0,3.38,535800.0,3.35,959100.0,0.0059347355198144935
2024-04-30 09:32:33,2212000.0,3.36,3657400.0,3.332,8638311.0,3.525,3.37,48200.0,3.36,750300.0,3.38,492100.0,3.35,989100.0,0.0029629651306568583
2024-04-30 09:32:36,2271600.0,3.37,3664600.0,3.332,8598311.0,3.525,3.37,10000.0,3.36,752700.0,3.38,490900.0,3.35,989100.0,0.005917177028088583
2024-04-30 09:32:39,2312100.0,3.37,3671600.0,3.332,8570211.0,3.526,3.38,487300.0,3.36,751700.0,3.39,411500.0,3.35,997100.0,0.005917177028088583
2024-04-30 09:32:42,2318000.0,3.37,3777600.0,3.332,8581311.0,3.526,3.38,498400.0,3.37,7000.0,3.39,411500.0,3.36,758700.0,0.005917177028088583
2024-04-30 09:32:45,2326200.0,3.37,3778800.0,3.332,8587811.0,3.525,3.38,501400.0,3.37,9300.0,3.39,411500.0,3.36,750500.0,0.005917177028088583
2024-04-30 09:32:48,2361000.0,3.37,3780700.0,3.332,8589511.0,3.525,3.38,503100.0,3.37,2700.0,3.39,411500.0,3.36,754000.0,0.008888947417246218
2024-04-30 09:32:51,2369300.0,3.36,3922000.0,3.332,8590011.0,3.525,3.38,503500.0,3.36,764000.0,3.39,411500.0,3.35,997100.0,0.005917177028088583
2024-04-30 09:32:54,2381800.0,3.37,3919600.0,3.332,8567311.0,3.526,3.38,469400.0,3.37,7400.0,3.39,411500.0,3.36,784100.0,0.0
2024-04-30 09:32:57,2382500.0,3.38,3945700.0,3.332,8579911.0,3.526,3.38,470000.0,3.37,9700.0,3.39,411500.0,3.36,789400.0,0.0029629651306568583
2024-04-30 09:33:00,2397800.0,3.37,3937000.0,3.332,8578611.0,3.526,3.38,458700.0,3.37,5900.0,3.39,421500.0,3.36,784500.0,0.005917177028088583
2024-04-30 09:33:03,2447300.0,3.37,3981500.0,3.332,8591711.0,3.526,3.38,483100.0,3.37,10100.0,3.39,402100.0,3.36,814800.0,0.005917177028088583
2024-04-30 09:33:06,2459600.0,3.37,4017700.0,3.332,8595311.0,3.526,3.38,482500.0,3.37,17700.0,3.39,402100.0,3.36,814800.0,0.005917177028088583
2024-04-30 09:33:09,2480400.0,3.37,3998300.0,3.332,8609111.0,3.525,3.37,1900.0,3.36,813100.0,3.38,484400.0,3.35,1007300.0,0.005917177028088583
2024-04-30 09:33:12,2524500.0,3.37,3981100.0,3.332,8613811.0,3.525,3.37,26300.0,3.36,805900.0,3.38,464400.0,3.35,1002300.0,0.005917177028088583
2024-04-30 09:33:15,2542100.0,3.37,3995000.0,3.332,8627111.0,3.526,3.37,22900.0,3.36,814800.0,3.38,463200.0,3.35,1007300.0,0.008888947417246218
2024-04-30 09:33:18,2625600.0,3.36,3936300.0,3.332,8653211.0,3.525,3.37,45700.0,3.36,756100.0,3.38,462800.0,3.35,1007300.0,0.0059347355198144935
2024-04-30 09:33:21,2643300.0,3.36,3971200.0,3.332,8634211.0,3.525,3.37,44800.0,3.36,774600.0,3.38,462800.0,3.35,1023700.0,0.0059347355198144935
2024-04-30 09:33:24,2643300.0,3.36,4008700.0,3.332,8803111.0,3.523,3.37,83300.0,3.36,771800.0,3.38,462800.0,3.35,1024000.0,0.0029629651306568583
2024-04-30 09:33:27,2660600.0,3.37,4208200.0,3.331,8849511.0,3.522,3.37,108200.0,3.36,801300.0,3.38,461600.0,3.35,1024000.0,0.0059347355198144935
2024-04-30 09:33:30,2676000.0,3.36,4204500.0,3.331,8864111.0,3.522,3.37,121100.0,3.36,796600.0,3.38,462100.0,3.35,1024000.0,0.008888947417246218
2024-04-30 09:33:33,2679600.0,3.36,4228700.0,3.331,8873311.0,3.521,3.37,123000.0,3.36,808500.0,3.38,462100.0,3.35,1033300.0,0.0029629651306568583
2024-04-30 09:33:36,2688400.0,3.37,4261700.0,3.332,8981811.0,3.52,3.37,224000.0,3.36,837500.0,3.38,461500.0,3.35,1035300.0,0.0059347355198144935
2024-04-30 09:33:39,2692500.0,3.36,4260800.0,3.331,9008811.0,3.519,3.37,238000.0,3.36,833400.0,3.38,461500.0,3.35,1035300.0,0.0059347355198144935
2024-04-30 09:33:42,2696600.0,3.36,4258800.0,3.331,9040411.0,3.519,3.37,271200.0,3.36,821400.0,3.38,458900.0,3.35,1045300.0,0.0029629651306568583
2024-04-30 09:33:45,2707700.0,3.37,4272700.0,3.331,9042411.0,3.519,3.37,271600.0,3.36,817400.0,3.38,457000.0,3.35,1048400.0,0.0029629651306568583
2024-04-30 09:33:48,2746900.0,3.37,4307100.0,3.332,9039911.0,3.519,3.37,269100.0,3.36,837700.0,3.38,457000.0,3.35,1062500.0,0.008888947417246218
2024-04-30 09:33:51,2747600.0,3.36,4320300.0,3.332,8942611.0,3.52,3.37,176700.0,3.36,847000.0,3.38,457000.0,3.35,1066500.0,0.005917177028088583
2024-04-30 09:33:54,2749600.0,3.37,4348500.0,3.332,8942111.0,3.52,3.37,175200.0,3.36,848700.0,3.38,457000.0,3.35,1070200.0,0.005917177028088583
2024-04-30 09:33:57,2751300.0,3.37,4351300.0,3.332,8942811.0,3.52,3.37,176100.0,3.36,850500.0,3.38,457000.0,3.35,1070200.0,0.0059347355198144935
2024-04-30 09:34:00,2756300.0,3.36,4362800.0,3.332,8943411.0,3.52,3.37,176100.0,3.36,846500.0,3.38,457000.0,3.35,1084800.0,0.0059347355198144935
2024-04-30 09:34:03,2764500.0,3.36,4375500.0,3.332,8956511.0,3.52,3.37,180200.0,3.36,845200.0,3.38,457000.0,3.35,1089800.0,0.0059347355198144935
2024-04-30 09:34:06,2775600.0,3.36,4366400.0,3.332,8955511.0,3.52,3.37,180400.0,3.36,832100.0,3.38,442900.0,3.35,1089800.0,0.0059347355198144935
2024-04-30 09:34:09,2778500.0,3.36,4383800.0,3.332,9525811.0,3.528,3.37,180600.0,3.36,829100.0,3.38,441800.0,3.35,1089800.0,0.0029629651306568583
2024-04-30 09:34:12,2780100.0,3.37,4428600.0,3.332,9558211.0,3.527,3.37,209000.0,3.36,841700.0,3.38,441800.0,3.35,1089800.0,0.008888947417246218
2024-04-30 09:34:15,2781100.0,3.36,4442300.0,3.332,9579211.0,3.528,3.37,209000.0,3.36,860800.0,3.38,441800.0,3.35,1074400.0,0.008888947417246218
2024-04-30 09:34:18,2781100.0,3.36,4443300.0,3.332,9608611.0,3.528,3.37,214000.0,3.36,861800.0,3.38,441800.0,3.35,1074400.0,0.0059347355198144935
2024-04-30 09:34:21,2781200.0,3.36,4454600.0,3.332,9608811.0,3.528,3.37,214200.0,3.36,870900.0,3.38,441800.0,3.35,1074600.0,0.005917177028088583
2024-04-30 09:34:24,2784200.0,3.37,4518800.0,3.332,9723611.0,3.526,3.37,211500.0,3.36,876200.0,3.38,441700.0,3.35,1074600.0,0.008888947417246218
2024-04-30 09:34:27,2874200.0,3.36,4447000.0,3.331,9924211.0,3.523,3.37,212500.0,3.36,804400.0,3.38,441700.0,3.35,1074600.0,0.0059347355198144935
2024-04-30 09:34:30,2874200.0,3.36,4449600.0,3.331,9931911.0,3.523,3.37,220200.0,3.36,800000.0,3.38,441700.0,3.35,1075600.0,0.0029629651306568583
2024-04-30 09:34:33,2877100.0,3.37,4462100.0,3.331,9922111.0,3.523,3.37,222600.0,3.36,764000.0,3.38,439900.0,3.35,1105600.0,0.005917177028088583
2024-04-30 09:34:36,2877100.0,3.37,4462300.0,3.331,9937811.0,3.523,3.37,228300.0,3.36,764200.0,3.38,431900.0,3.35,1105600.0,0.008888947417246218
2024-04-30 09:34:39,2886800.0,3.36,4483400.0,3.331,9949211.0,3.523,3.37,230900.0,3.36,762300.0,3.38,431900.0,3.35,1105600.0,0.008888947417246218
2024-04-30 09:34:42,2892200.0,3.36,4484700.0,3.331,9952111.0,3.523,3.37,231000.0,3.36,763500.0,3.38,431900.0,3.35,1105700.0,0.005917177028088583
2024-04-30 09:34:45,2899900.0,3.37,4484300.0,3.331,9977111.0,3.523,3.37,231400.0,3.36,763300.0,3.38,454700.0,3.35,1105500.0,0.008888947417246218
2024-04-30 09:34:48,2900000.0,3.36,4496300.0,3.331,9990711.0,3.523,3.37,235000.0,3.36,769300.0,3.38,454700.0,3.35,1108500.0,0.008888947417246218
2024-04-30 09:34:51,2905500.0,3.36,4499000.0,3.331,10016911.0,3.522,3.37,260200.0,3.36,767000.0,3.38,454700.0,3.35,1108500.0,0.005917177028088583
2024-04-30 09:34:54,2956700.0,3.37,4505800.0,3.331,9973911.0,3.523,3.37,212400.0,3.36,771800.0,3.38,458500.0,3.35,1108500.0,0.008888947417246218
2024-04-30 09:34:57,3024100.0,3.36,4529300.0,3.331,9975011.0,3.523,3.37,213500.0,3.36,728800.0,3.38,458500.0,3.35,1163800.0,0.005917177028088583
2024-04-30 09:35:00,3024400.0,3.37,4627500.0,3.332,9994111.0,3.523,3.37,221700.0,3.36,827000.0,3.38,458500.0,3.35,1163800.0,0.008888947417246218
2024-04-30 09:35:03,3050800.0,3.36,4601500.0,3.331,10008811.0,3.523,3.37,235800.0,3.36,799000.0,3.38,456500.0,3.35,1163800.0,0.0029629651306568583
2024-04-30 09:35:06,3114900.0,3.37,4599600.0,3.331,9953411.0,3.524,3.37,175200.0,3.36,793100.0,3.38,456500.0,3.35,1163800.0,0.0059347355198144935
2024-04-30 09:35:09,3116500.0,3.36,4598100.0,3.331,9975011.0,3.523,3.37,200000.0,3.36,791600.0,3.38,456200.0,3.35,1163800.0,0.0029629651306568583
2024-04-30 09:35:12,3154800.0,3.37,4644000.0,3.332,9952011.0,3.524,3.37,177000.0,3.36,838500.0,3.38,456200.0,3.35,1162800.0,0.0059347355198144935
2024-04-30 09:35:15,3157500.0,3.36,4767800.0,3.332,9934711.0,3.524,3.37,159700.0,3.36,972500.0,3.38,456200.0,3.35,1162800.0,0.0029629651306568583
2024-04-30 09:35:18,3159200.0,3.37,4778600.0,3.332,9939511.0,3.524,3.37,163000.0,3.36,983300.0,3.38,456200.0,3.35,1162800.0,0.0029629651306568583
2024-04-30 09:35:21,3179900.0,3.37,4767000.0,3.332,9937711.0,3.524,3.37,160700.0,3.36,968300.0,3.38,456200.0,3.35,1169100.0,0.0029629651306568583
2024-04-30 09:35:24,3184800.0,3.37,4759000.0,3.332,9958811.0,3.524,3.37,181800.0,3.36,964700.0,3.38,456200.0,3.35,1169100.0,0.0029629651306568583
2024-04-30 09:35:27,3214300.0,3.37,4802900.0,3.333,9949711.0,3.524,3.37,167700.0,3.36,1017600.0,3.38,456200.0,3.35,1169100.0,0.008888947417246218
2024-04-30 09:35:30,3220400.0,3.36,4827200.0,3.333,9956611.0,3.524,3.37,171800.0,3.36,1011500.0,3.38,456200.0,3.35,1175400.0,0.008888947417246218
2024-04-30 09:35:33,3220400.0,3.36,4841100.0,3.333,9968311.0,3.524,3.37,177500.0,3.36,1024400.0,3.38,456200.0,3.35,1175400.0,0.008888947417246218
2024-04-30 09:35:36,3226100.0,3.36,4835500.0,3.333,9979411.0,3.523,3.37,188600.0,3.36,1018800.0,3.38,456200.0,3.35,1175400.0,0.008888947417246218
2024-04-30 09:35:39,3236900.0,3.36,4842700.0,3.333,9984311.0,3.523,3.37,193500.0,3.36,1017000.0,3.38,456200.0,3.35,1180400.0,0.008888947417246218
2024-04-30 09:35:42,3237700.0,3.36,4842400.0,3.333,10013611.0,3.523,3.37,216700.0,3.36,1016700.0,3.38,456200.0,3.35,1180400.0,0.008888947417246218
2024-04-30 09:35:45,3247100.0,3.36,4855800.0,3.333,10220611.0,3.52,3.37,423800.0,3.36,1018900.0,3.38,456100.0,3.35,1191600.0,0.0029629651306568583
2024-04-30 09:35:48,3264900.0,3.37,4739700.0,3.332,10268611.0,3.519,3.37,471800.0,3.36,902800.0,3.38,456100.0,3.35,1191600.0,0.0059347355198144935
2024-04-30 09:35:51,3269800.0,3.36,4705900.0,3.332,10275811.0,3.519,3.37,479300.0,3.36,866000.0,3.38,455800.0,3.35,1194600.0,0.008888947417246218
2024-04-30 09:35:54,3639600.0,3.36,4255900.0,3.328,10370511.0,3.518,3.37,526100.0,3.36,402500.0,3.38,450400.0,3.35,1194600.0,0.008888947417246218
2024-04-30 09:35:57,4051800.0,3.36,3889700.0,3.325,10288211.0,3.519,3.36,5300.0,3.35,1203500.0,3.37,431300.0,3.34,696800.0,0.008888947417246218
2024-04-30 09:36:00,4052800.0,3.36,3909900.0,3.325,10302411.0,3.52,3.36,38600.0,3.35,1223700.0,3.37,407000.0,3.34,696800.0,0.011869575555383927
2024-04-30 09:36:03,4106000.0,3.35,3857000.0,3.325,10228111.0,3.52,3.36,63600.0,3.35,1170800.0,3.37,407700.0,3.34,696800.0,0.008888947417246218
2024-04-30 09:36:06,4129100.0,3.36,3856100.0,3.325,10221011.0,3.52,3.36,57600.0,3.35,1169900.0,3.37,405600.0,3.34,696800.0,0.008888947417246218
2024-04-30 09:36:09,4132000.0,3.36,3861100.0,3.325,10230111.0,3.52,3.36,64200.0,3.35,1169900.0,3.37,408100.0,3.34,696800.0,0.008888947417246218
2024-04-30 09:36:12,4132200.0,3.36,3865200.0,3.325,10462311.0,3.517,3.36,110200.0,3.35,1176000.0,3.37,475100.0,3.34,693800.0,0.008888947417246218
2024-04-30 09:36:15,4139900.0,3.36,3889900.0,3.325,10385011.0,3.518,3.36,129200.0,3.35,1174000.0,3.37,474700.0,3.34,693800.0,0.008888947417246218
2024-04-30 09:36:18,4163700.0,3.36,3940200.0,3.325,10401211.0,3.518,3.36,136500.0,3.35,1215400.0,3.37,483700.0,3.34,702700.0,0.008888947417246218
2024-04-30 09:36:21,4163700.0,3.36,3828000.0,3.324,10415311.0,3.518,3.36,142900.0,3.35,1223200.0,3.37,483700.0,3.34,577700.0,0.0059347355198144935
2024-04-30 09:36:24,4163700.0,3.36,3833200.0,3.324,10418411.0,3.518,3.36,146000.0,3.35,1218200.0,3.37,482700.0,3.34,587900.0,0.008915363657952202
2024-04-30 09:36:27,4174000.0,3.35,3828000.0,3.324,10420011.0,3.518,3.36,147600.0,3.35,1208000.0,3.37,482700.0,3.34,587900.0,0.0059347355198144935
2024-04-30 09:36:30,4179000.0,3.36,3839200.0,3.324,10421011.0,3.518,3.36,143600.0,3.35,1211100.0,3.37,482700.0,3.34,589900.0,0.0059347355198144935
2024-04-30 09:36:33,4179000.0,3.36,3842500.0,3.324,10442811.0,3.518,3.36,139300.0,3.35,1214400.0,3.37,493800.0,3.34,589900.0,0.008915363657952202
2024-04-30 09:36:36,4217900.0,3.35,3852100.0,3.324,10406611.0,3.518,3.36,102100.0,3.35,1212700.0,3.37,493800.0,3.34,579700.0,0.0059347355198144935
2024-04-30 09:36:39,4228000.0,3.36,3869900.0,3.324,10502911.0,3.517,3.36,208400.0,3.35,1218800.0,3.37,483800.0,3.34,580100.0,0.008915363657952202
2024-04-30 09:36:42,4308100.0,3.35,3866900.0,3.324,10596411.0,3.515,3.36,248900.0,3.35,1205000.0,3.37,516800.0,3.34,590900.0,0.008915363657952202
2024-04-30 09:36:45,4315000.0,3.35,3928200.0,3.324,10599911.0,3.515,3.36,251600.0,3.35,1200400.0,3.37,516800.0,3.34,646200.0,0.0059347355198144935
2024-04-30 09:36:48,4328100.0,3.36,3945000.0,3.324,10570611.0,3.516,3.36,241000.0,3.35,1207900.0,3.37,516800.0,3.34,655500.0,0.008915363657952202
2024-04-30 09:36:51,4346700.0,3.35,3942800.0,3.324,10564311.0,3.516,3.36,234300.0,3.35,1210700.0,3.37,516800.0,3.34,655500.0,0.011869575555383927
2024-04-30 09:36:54,4352900.0,3.35,3942100.0,3.325,10567811.0,3.516,3.36,232500.0,3.35,1208100.0,3.37,522100.0,3.34,655500.0,0.0059347355198144935
2024-04-30 09:36:57,4359800.0,3.36,3973000.0,3.325,10613911.0,3.515,3.36,269500.0,3.35,1208900.0,3.37,527700.0,3.34,655600.0,0.011869575555383927
2024-04-30 09:37:00,4364000.0,3.35,4106000.0,3.324,10706411.0,3.514,3.36,268300.0,3.35,1206900.0,3.37,622700.0,3.34,660600.0,0.011869575555383927
2024-04-30 09:37:03,4380500.0,3.35,4111100.0,3.324,10714111.0,3.514,3.36,273500.0,3.35,1203000.0,3.37,622700.0,3.34,660600.0,0.011869575555383927
2024-04-30 09:37:06,4384900.0,3.35,4127400.0,3.324,10726011.0,3.514,3.36,277900.0,3.35,1209300.0,3.37,622700.0,3.34,660600.0,0.008888947417246218
2024-04-30 09:37:10,4673700.0,3.36,4206200.0,3.325,10449711.0,3.518,3.37,622700.0,3.36,83100.0,3.38,339800.0,3.35,1230300.0,0.008888947417246218
2024-04-30 09:37:12,4695500.0,3.36,4191500.0,3.325,10401211.0,3.518,3.37,568700.0,3.36,76700.0,3.38,345300.0,3.35,1221800.0,0.008888947417246218
2024-04-30 09:37:15,4698200.0,3.36,4207300.0,3.325,10407211.0,3.518,3.37,569700.0,3.36,92600.0,3.38,345300.0,3.35,1221700.0,0.008888947417246218
2024-04-30 09:37:18,4703000.0,3.36,4217000.0,3.326,10417911.0,3.518,3.37,575400.0,3.36,101800.0,3.38,345300.0,3.35,1224100.0,0.005917177028088583
2024-04-30 09:37:21,4716600.0,3.37,4284900.0,3.325,10392111.0,3.518,3.37,563100.0,3.36,105100.0,3.38,346800.0,3.35,1226300.0,0.005917177028088583
2024-04-30 09:37:24,4716600.0,3.37,4295900.0,3.325,10374311.0,3.519,3.37,563100.0,3.36,119800.0,3.38,324000.0,3.35,1222600.0,0.005917177028088583
2024-04-30 09:37:27,4716600.0,3.37,4318200.0,3.325,10380611.0,3.519,3.37,561800.0,3.36,110600.0,3.38,324500.0,3.35,1249500.0,0.005917177028088583
2024-04-30 09:37:30,4718600.0,3.37,4345900.0,3.325,10379011.0,3.519,3.37,560200.0,3.36,131200.0,3.38,324500.0,3.35,1251500.0,0.005917177028088583
2024-04-30 09:37:33,4718600.0,3.37,4340100.0,3.325,10443811.0,3.519,3.37,560200.0,3.36,112400.0,3.38,326200.0,3.35,1254500.0,0.0059347355198144935
2024-04-30 09:37:36,4719600.0,3.36,4337600.0,3.325,10461711.0,3.519,3.37,578100.0,3.36,111500.0,3.38,326200.0,3.35,1259500.0,0.0059347355198144935
2024-04-30 09:37:39,4719900.0,3.36,4364800.0,3.325,10468311.0,3.519,3.37,579700.0,3.36,150800.0,3.38,326200.0,3.35,1251500.0,0.0059347355198144935
2024-04-30 09:37:42,4729300.0,3.36,4423300.0,3.326,10468111.0,3.519,3.37,573700.0,3.36,168600.0,3.38,331800.0,3.35,1292200.0,0.005917177028088583
2024-04-30 09:37:45,4755500.0,3.37,4437800.0,3.326,10461311.0,3.519,3.37,578100.0,3.36,169200.0,3.38,331800.0,3.35,1299300.0,0.008888947417246218
2024-04-30 09:37:48,4769200.0,3.36,4450500.0,3.326,10466311.0,3.519,3.37,578100.0,3.36,171900.0,3.38,331800.0,3.35,1309300.0,0.008888947417246218
2024-04-30 09:37:51,4769900.0,3.36,4483100.0,3.326,10488411.0,3.518,3.37,589500.0,3.36,193200.0,3.38,331800.0,3.35,1311600.0,0.0029629651306568583
2024-04-30 09:37:54,4772300.0,3.37,4509900.0,3.326,10494211.0,3.518,3.37,592400.0,3.36,198700.0,3.38,331800.0,3.35,1312600.0,0.0029629651306568583
2024-04-30 09:37:57,4772300.0,3.37,4519600.0,3.326,10505911.0,3.518,3.37,598100.0,3.36,168000.0,3.38,332400.0,3.35,1315500.0,0.0029629651306568583
2024-04-30 09:38:00,4772300.0,3.37,4523400.0,3.326,10539711.0,3.518,3.37,598100.0,3.36,172700.0,3.38,332400.0,3.35,1319500.0,0.0029629651306568583
2024-04-30 09:38:03,4778400.0,3.37,4526500.0,3.326,10546211.0,3.518,3.37,596100.0,3.36,175900.0,3.38,333400.0,3.35,1319400.0,0.0059347355198144935
2024-04-30 09:38:06,4779300.0,3.36,4536500.0,3.326,10553111.0,3.518,3.37,576700.0,3.36,180600.0,3.38,356200.0,3.35,1323600.0,0.005917177028088583
2024-04-30 09:38:09,4779400.0,3.37,4552800.0,3.326,10557011.0,3.518,3.37,577600.0,3.36,190100.0,3.38,356200.0,3.35,1326500.0,0.0059347355198144935
2024-04-30 09:38:12,4783900.0,3.36,4580300.0,3.326,10560911.0,3.518,3.37,577600.0,3.36,207600.0,3.38,360100.0,3.35,1327600.0,0.0059347355198144935
2024-04-30 09:38:15,4795900.0,3.36,4593200.0,3.326,10560911.0,3.518,3.37,577600.0,3.36,202500.0,3.38,360100.0,3.35,1337600.0,0.0029629651306568583
2024-04-30 09:38:18,4796500.0,3.37,4616800.0,3.326,10605111.0,3.517,3.37,621800.0,3.36,221600.0,3.38,360100.0,3.35,1339100.0,0.0059347355198144935
2024-04-30 09:38:21,4802500.0,3.36,4649500.0,3.327,10608411.0,3.517,3.37,621800.0,3.36,223700.0,3.38,360100.0,3.35,1345100.0,0.0059347355198144935
2024-04-30 09:38:24,4803300.0,3.36,4752000.0,3.327,10611711.0,3.517,3.37,622100.0,3.36,299500.0,3.38,363100.0,3.35,1371800.0,0.0029629651306568583
2024-04-30 09:38:27,4804300.0,3.37,4761100.0,3.327,10618611.0,3.517,3.37,624800.0,3.36,304600.0,3.38,363100.0,3.35,1374800.0,0.0059347355198144935
2024-04-30 09:38:30,4804600.0,3.36,4783900.0,3.327,10635811.0,3.517,3.37,624800.0,3.36,324200.0,3.38,363100.0,3.35,1374900.0,0.0059347355198144935
2024-04-30 09:38:33,4804600.0,3.36,4783200.0,3.327,10669011.0,3.516,3.37,660500.0,3.36,324000.0,3.38,359600.0,3.35,1374400.0,0.0029629651306568583
2024-04-30 09:38:36,4806700.0,3.37,4848200.0,3.328,10670611.0,3.516,3.37,660400.0,3.36,408000.0,3.38,361300.0,3.35,1374400.0,0.0029629651306568583
2024-04-30 09:38:39,4806800.0,3.37,4890800.0,3.328,10686811.0,3.516,3.37,673600.0,3.36,419600.0,3.38,359300.0,3.35,1376400.0,0.0059347355198144935
2024-04-30 09:38:42,4809300.0,3.36,4849400.0,3.328,10688411.0,3.516,3.37,674200.0,3.36,393700.0,3.38,359300.0,3.35,1365000.0,0.0029629651306568583
2024-04-30 09:38:45,4809700.0,3.37,4863200.0,3.328,10714711.0,3.516,3.37,698800.0,3.36,414500.0,3.38,361000.0,3.35,1365000.0,0.0029629651306568583
2024-04-30 09:38:48,4809700.0,3.37,4876700.0,3.328,10717111.0,3.516,3.37,698800.0,3.36,420500.0,3.38,361000.0,3.35,1372500.0,0.0029629651306568583
2024-04-30 09:38:51,4810200.0,3.37,4910300.0,3.328,10718411.0,3.516,3.37,698300.0,3.36,444600.0,3.38,359500.0,3.35,1382000.0,0.0029717703891576353
2024-04-30 09:38:54,4816700.0,3.36,4924000.0,3.328,10535811.0,3.515,3.37,682300.0,3.36,458300.0,3.38,359500.0,3.35,1382000.0,0.0029629651306568583
2024-04-30 09:38:57,4859800.0,3.37,5051200.0,3.329,10435711.0,3.515,3.37,639200.0,3.36,493300.0,3.38,362500.0,3.35,1402500.0,0.0
2024-04-30 09:39:00,4960100.0,3.37,5057200.0,3.329,10271011.0,3.516,3.37,544500.0,3.36,497800.0,3.38,362500.0,3.35,1402800.0,0.0029717703891576353
2024-04-30 09:39:03,4971500.0,3.36,5068200.0,3.329,10336011.0,3.518,3.37,536700.0,3.36,507700.0,3.38,362500.0,3.35,1402800.0,0.0
2024-04-30 09:39:06,4972400.0,3.37,5075600.0,3.329,10334911.0,3.518,3.37,526800.0,3.36,514100.0,3.38,362500.0,3.35,1403800.0,0.0059347355198144935
2024-04-30 09:39:09,4972500.0,3.36,5084400.0,3.329,10576311.0,3.515,3.37,526800.0,3.36,519900.0,3.38,403900.0,3.35,1403800.0,0.0029629651306568583
2024-04-30 09:39:12,4972600.0,3.37,5041200.0,3.329,10574711.0,3.515,3.37,525200.0,3.36,533300.0,3.38,403900.0,3.35,1406100.0,0.0059347355198144935
2024-04-30 09:39:15,4972700.0,3.36,5046900.0,3.329,10558211.0,3.516,3.37,491400.0,3.36,536000.0,3.38,418900.0,3.35,1409100.0,0.0029629651306568583
2024-04-30 09:39:18,4974500.0,3.37,5056800.0,3.329,10578811.0,3.516,3.37,469600.0,3.36,551500.0,3.38,457800.0,3.35,1409100.0,0.0029629651306568583
2024-04-30 09:39:21,4977800.0,3.37,5248900.0,3.328,10605511.0,3.515,3.37,466300.0,3.36,586900.0,3.38,457800.0,3.35,1414100.0,0.0059347355198144935
2024-04-30 09:39:24,4979800.0,3.36,5240800.0,3.328,10605511.0,3.515,3.37,466300.0,3.36,585900.0,3.38,457800.0,3.35,1411800.0,0.0029717703891576353
2024-04-30 09:39:27,4998200.0,3.36,5239700.0,3.328,10614911.0,3.515,3.37,466300.0,3.36,579500.0,3.38,460300.0,3.35,1412800.0,0.0059347355198144935
2024-04-30 09:39:30,5022800.0,3.36,5292700.0,3.329,10572011.0,3.516,3.37,446200.0,3.36,575000.0,3.38,437500.0,3.35,1470300.0,0.0029629651306568583
2024-04-30 09:39:33,5024200.0,3.37,5298600.0,3.329,10665711.0,3.515,3.37,444800.0,3.36,580900.0,3.38,437500.0,3.35,1470300.0,0.0029629651306568583
2024-04-30 09:39:36,5024200.0,3.37,5372100.0,3.329,10662311.0,3.515,3.37,441400.0,3.36,653400.0,3.38,437500.0,3.35,1471300.0,0.0029629651306568583
2024-04-30 09:39:39,5168200.0,3.37,5470100.0,3.33,10517911.0,3.517,3.37,296900.0,3.36,753900.0,3.38,437600.0,3.35,1468800.0,0.0029629651306568583
2024-04-30 09:39:42,5477600.0,3.37,5689700.0,3.331,10232011.0,3.521,3.38,429700.0,3.37,172000.0,3.39,802500.0,3.36,800500.0,0.0029629651306568583
2024-04-30 09:39:45,5494300.0,3.37,5535100.0,3.33,10234111.0,3.521,3.38,430000.0,3.37,78500.0,3.39,802500.0,3.36,747800.0,0.0029629651306568583
2024-04-30 09:39:48,5500200.0,3.37,5551600.0,3.33,10213611.0,3.522,3.38,425100.0,3.37,89800.0,3.39,802500.0,3.36,750100.0,0.0029629651306568583
2024-04-30 09:39:51,5500200.0,3.37,5646200.0,3.331,10213611.0,3.522,3.38,425100.0,3.37,93200.0,3.39,802500.0,3.36,818200.0,0.0029629651306568583
2024-04-30 09:39:54,5504200.0,3.37,5672500.0,3.331,10213611.0,3.522,3.38,425100.0,3.37,112400.0,3.39,802500.0,3.36,824100.0,0.0029629651306568583
2024-04-30 09:39:57,5515700.0,3.37,5750100.0,3.331,10211011.0,3.522,3.38,425100.0,3.37,102000.0,3.39,802500.0,3.36,939400.0,0.0
2024-04-30 09:40:00,5518100.0,3.38,5767700.0,3.331,10217111.0,3.522,3.38,424700.0,3.37,114000.0,3.39,809000.0,3.36,950600.0,-0.0029629651306568583
2024-04-30 09:40:03,5518100.0,3.38,5817300.0,3.332,10220211.0,3.522,3.38,425600.0,3.37,132800.0,3.39,809000.0,3.36,980600.0,0.0
2024-04-30 09:40:06,5519400.0,3.38,5821700.0,3.332,10227211.0,3.522,3.38,432600.0,3.37,136100.0,3.39,809000.0,3.36,972500.0,0.0029629651306568583
2024-04-30 09:40:09,5520300.0,3.37,5824500.0,3.332,10191111.0,3.522,3.38,453200.0,3.37,138700.0,3.39,809000.0,3.36,972700.0,0.0
2024-04-30 09:40:12,5525300.0,3.37,5839600.0,3.332,10203811.0,3.522,3.38,454600.0,3.37,140800.0,3.39,819000.0,3.36,985700.0,-0.0029629651306568583
2024-04-30 09:40:15,5545400.0,3.38,5834500.0,3.332,10202111.0,3.522,3.38,452900.0,3.37,124100.0,3.39,819000.0,3.36,985700.0,0.0
2024-04-30 09:40:18,5545400.0,3.38,5841600.0,3.332,10290611.0,3.521,3.38,452900.0,3.37,124900.0,3.39,819000.0,3.36,992000.0,-0.0029629651306568583
2024-04-30 09:40:21,5554700.0,3.38,5983000.0,3.332,10291411.0,3.521,3.38,453800.0,3.37,172100.0,3.39,818900.0,3.36,1020200.0,0.0
2024-04-30 09:40:24,5557700.0,3.37,5996100.0,3.332,10291011.0,3.521,3.38,453400.0,3.37,168600.0,3.39,818900.0,3.36,1021600.0,-0.0029629651306568583
2024-04-30 09:40:27,5558700.0,3.38,6046800.0,3.333,10294911.0,3.521,3.38,447300.0,3.37,179600.0,3.39,824400.0,3.36,1061300.0,-0.0029629651306568583
2024-04-30 09:40:30,5562600.0,3.38,6025300.0,3.332,10288111.0,3.521,3.38,442600.0,3.37,180500.0,3.39,824400.0,3.36,1061300.0,-0.0029629651306568583
2024-04-30 09:40:33,5564400.0,3.38,6024000.0,3.332,10299011.0,3.521,3.38,441000.0,3.37,182800.0,3.39,824400.0,3.36,1060000.0,0.0
2024-04-30 09:40:36,5564400.0,3.38,6018800.0,3.333,10285011.0,3.522,3.38,426000.0,3.37,185100.0,3.39,824400.0,3.36,1066500.0,0.0
2024-04-30 09:40:39,5567400.0,3.38,6053200.0,3.333,10258611.0,3.522,3.38,397200.0,3.37,202900.0,3.39,824400.0,3.36,1066500.0,0.0
2024-04-30 09:40:42,5577400.0,3.38,6054200.0,3.333,10249211.0,3.522,3.38,381800.0,3.37,203400.0,3.39,824400.0,3.36,1067000.0,-0.0029629651306568583
2024-04-30 09:40:45,5580100.0,3.38,6055000.0,3.333,10255911.0,3.522,3.38,383500.0,3.37,202900.0,3.39,829400.0,3.36,1066800.0,-0.0029629651306568583
2024-04-30 09:40:48,5626100.0,3.38,6052200.0,3.333,10245211.0,3.522,3.38,342800.0,3.37,197900.0,3.39,829400.0,3.36,1066800.0,-0.0029629651306568583
2024-04-30 09:40:51,5629000.0,3.38,6047200.0,3.333,10245011.0,3.522,3.38,341800.0,3.37,197900.0,3.39,829400.0,3.36,1070700.0,0.0
2024-04-30 09:40:54,5639000.0,3.37,6065500.0,3.333,10280611.0,3.522,3.38,374400.0,3.37,188000.0,3.39,829400.0,3.36,1093900.0,-0.0029629651306568583
2024-04-30 09:40:57,5640100.0,3.38,6075700.0,3.333,10308511.0,3.522,3.38,375500.0,3.37,191200.0,3.39,844400.0,3.36,1098900.0,0.0
2024-04-30 09:41:00,5642200.0,3.37,6005300.0,3.333,10311211.0,3.521,3.38,375500.0,3.37,192500.0,3.39,844400.0,3.36,1098900.0,0.0
2024-04-30 09:41:03,5653700.0,3.37,5987100.0,3.333,10311311.0,3.521,3.38,375600.0,3.37,194800.0,3.39,844400.0,3.36,1098900.0,-0.0029629651306568583
2024-04-30 09:41:06,5656000.0,3.38,6011300.0,3.333,10337311.0,3.521,3.38,392200.0,3.37,237900.0,3.39,844400.0,3.36,1096900.0,0.0
2024-04-30 09:41:09,5656100.0,3.37,6045200.0,3.333,10342311.0,3.521,3.38,392200.0,3.37,271800.0,3.39,844400.0,3.36,1096900.0,0.0
2024-04-30 09:41:12,5688500.0,3.37,6011300.0,3.333,10406311.0,3.52,3.38,452200.0,3.37,240900.0,3.39,844400.0,3.36,1098900.0,0.0
2024-04-30 09:41:15,5696000.0,3.37,6032000.0,3.333,10415011.0,3.52,3.38,447600.0,3.37,248700.0,3.39,864400.0,3.36,1111500.0,0.0
2024-04-30 09:41:18,5700500.0,3.38,6023600.0,3.333,10410511.0,3.52,3.38,443100.0,3.37,248700.0,3.39,864400.0,3.36,1110100.0,0.0
2024-04-30 09:41:21,5700800.0,3.38,6141300.0,3.333,10420311.0,3.52,3.38,442900.0,3.37,349400.0,3.39,874400.0,3.36,1110400.0,0.0
2024-04-30 09:41:24,5700800.0,3.38,6167300.0,3.334,10434511.0,3.52,3.38,443200.0,3.37,354400.0,3.39,874600.0,3.36,1132400.0,0.0029629651306568583
2024-04-30 09:41:27,5701200.0,3.37,6165900.0,3.334,10452511.0,3.52,3.38,453200.0,3.37,354000.0,3.39,874600.0,3.36,1131400.0,0.0
2024-04-30 09:41:30,5702300.0,3.37,6177700.0,3.334,10450611.0,3.52,3.38,451300.0,3.37,358600.0,3.39,874600.0,3.36,1128600.0,0.0
2024-04-30 09:41:33,6084200.0,3.37,5814900.0,3.331,10500111.0,3.519,3.37,48400.0,3.36,1116400.0,3.38,450900.0,3.35,1503700.0,0.0
2024-04-30 09:41:36,6103900.0,3.37,5868600.0,3.331,10479811.0,3.52,3.37,24900.0,3.36,1176800.0,3.38,454100.0,3.35,1501000.0,0.0
2024-04-30 09:41:39,6103900.0,3.37,5864100.0,3.331,10523211.0,3.519,3.37,64500.0,3.36,1177400.0,3.38,457600.0,3.35,1495900.0,0.0
2024-04-30 09:41:42,6169200.0,3.37,5865100.0,3.331,10513211.0,3.519,3.37,31500.0,3.36,1177500.0,3.38,477600.0,3.35,1496900.0,0.0
2024-04-30 09:41:45,6169200.0,3.37,5878000.0,3.332,10576411.0,3.518,3.37,92000.0,3.36,1190300.0,3.38,479200.0,3.35,1496900.0,0.0
2024-04-30 09:41:48,6199200.0,3.37,5878000.0,3.332,10549711.0,3.519,3.37,67300.0,3.36,1190300.0,3.38,479200.0,3.35,1496900.0,0.0029629651306568583
2024-04-30 09:41:51,6240300.0,3.37,5889400.0,3.332,10470311.0,3.519,3.37,87900.0,3.36,1201000.0,3.38,489200.0,3.35,1497600.0,0.0059347355198144935
2024-04-30 09:41:54,6248100.0,3.36,5886700.0,3.332,10509011.0,3.519,3.37,123700.0,3.36,1198300.0,3.38,489200.0,3.35,1497600.0,0.0059347355198144935
2024-04-30 09:41:57,6248100.0,3.36,5900700.0,3.332,10522111.0,3.519,3.37,130200.0,3.36,1201700.0,3.38,493200.0,3.35,1499400.0,0.0
2024-04-30 09:42:00,6249100.0,3.37,5870700.0,3.332,10568211.0,3.518,3.37,147400.0,3.36,1201700.0,3.38,482100.0,3.35,1469400.0,0.0
2024-04-30 09:42:03,6280000.0,3.37,5854800.0,3.331,10594511.0,3.518,3.37,171700.0,3.36,1185800.0,3.38,482100.0,3.35,1469400.0,0.0
2024-04-30 09:42:06,6280000.0,3.37,5854800.0,3.331,10624011.0,3.517,3.37,191800.0,3.36,1185800.0,3.38,490500.0,3.35,1469400.0,0.0
2024-04-30 09:42:09,6280000.0,3.37,5852500.0,3.331,10651911.0,3.517,3.37,191800.0,3.36,1168700.0,3.38,513300.0,3.35,1484200.0,0.0029717703891576353
2024-04-30 09:42:12,6287100.0,3.36,5836000.0,3.331,10799911.0,3.516,3.37,192100.0,3.36,1152200.0,3.38,527900.0,3.35,1484200.0,0.0
2024-04-30 09:42:15,6288900.0,3.37,5890700.0,3.332,10906611.0,3.515,3.37,190400.0,3.36,1189500.0,3.38,527800.0,3.35,1501600.0,0.0
2024-04-30 09:42:18,6293800.0,3.37,5911500.0,3.332,10906711.0,3.515,3.37,190500.0,3.36,1201900.0,3.38,527800.0,3.35,1510000.0,0.0
2024-04-30 09:42:21,6298900.0,3.37,5929900.0,3.332,10924511.0,3.515,3.37,185600.0,3.36,1202300.0,3.38,531100.0,3.35,1520000.0,0.0029629651306568583
2024-04-30 09:42:24,6298900.0,3.37,5941700.0,3.332,10934111.0,3.514,3.37,185600.0,3.36,1214100.0,3.38,539700.0,3.35,1520000.0,0.0
2024-04-30 09:42:27,6316300.0,3.37,5927900.0,3.332,10946711.0,3.514,3.37,178800.0,3.36,1200300.0,3.38,564800.0,3.35,1520000.0,0.0
2024-04-30 09:42:30,6317700.0,3.37,5984800.0,3.332,10942611.0,3.514,3.37,171700.0,3.36,1256200.0,3.38,564800.0,3.35,1520800.0,0.0
2024-04-30 09:42:33,6317700.0,3.37,5987800.0,3.332,10962811.0,3.514,3.37,194100.0,3.36,1259200.0,3.38,564800.0,3.35,1520800.0,0.0029717703891576353
2024-04-30 09:42:36,6317800.0,3.36,5987700.0,3.332,10961411.0,3.514,3.37,194100.0,3.36,1259100.0,3.38,563400.0,3.35,1520800.0,0.0029717703891576353
2024-04-30 09:42:39,6317800.0,3.36,6105800.0,3.332,10964411.0,3.514,3.37,196100.0,3.36,1377200.0,3.38,563400.0,3.35,1520800.0,0.0029717703891576353
2024-04-30 09:42:42,6324300.0,3.36,6096700.0,3.332,10963611.0,3.514,3.37,195300.0,3.36,1372700.0,3.38,563400.0,3.35,1520800.0,0.0
2024-04-30 09:42:45,6325400.0,3.37,6101000.0,3.332,10967311.0,3.514,3.37,194400.0,3.36,1375800.0,3.38,566400.0,3.35,1520800.0,0.0029717703891576353
2024-04-30 09:42:48,6326800.0,3.36,6112000.0,3.333,10976711.0,3.514,3.37,198400.0,3.36,1386700.0,3.38,567200.0,3.35,1520800.0,0.0
2024-04-30 09:42:51,6331000.0,3.37,6122200.0,3.333,10962411.0,3.514,3.37,194200.0,3.36,1386700.0,3.38,567200.0,3.35,1531000.0,0.0
2024-04-30 09:42:54,6331000.0,3.37,6109400.0,3.333,10969811.0,3.514,3.37,197300.0,3.36,1379800.0,3.38,567200.0,3.35,1520000.0,0.0
2024-04-30 09:42:57,6335300.0,3.37,6139800.0,3.333,10985811.0,3.514,3.37,213300.0,3.36,1382500.0,3.38,567200.0,3.35,1540700.0,0.0029717703891576353
2024-04-30 09:43:00,6345100.0,3.36,6130000.0,3.333,11000411.0,3.514,3.37,227900.0,3.36,1372700.0,3.38,567200.0,3.35,1540700.0,0.0
2024-04-30 09:43:03,6347500.0,3.37,6134300.0,3.333,11054211.0,3.513,3.37,231700.0,3.36,1377000.0,3.38,617200.0,3.35,1540700.0,0.0029629651306568583
2024-04-30 09:43:06,6349500.0,3.37,6115900.0,3.333,11046511.0,3.513,3.37,226600.0,3.36,1372800.0,3.38,617200.0,3.35,1538700.0,0.0
2024-04-30 09:43:09,6351700.0,3.37,6113200.0,3.333,11026111.0,3.513,3.37,226100.0,3.36,1370100.0,3.38,600700.0,3.35,1538700.0,0.0029629651306568583
2024-04-30 09:43:12,6353300.0,3.37,6114700.0,3.333,11039711.0,3.513,3.37,239100.0,3.36,1371100.0,3.38,600700.0,3.35,1538700.0,0.0029629651306568583
2024-04-30 09:43:15,6358700.0,3.37,6141000.0,3.332,11062311.0,3.514,3.37,235600.0,3.36,1381100.0,3.38,600700.0,3.35,1538700.0,0.0059347355198144935
2024-04-30 09:43:18,6368500.0,3.36,6149200.0,3.332,11068011.0,3.514,3.37,235600.0,3.36,1389300.0,3.38,603800.0,3.35,1538700.0,0.0029629651306568583
2024-04-30 09:43:21,6370000.0,3.37,6151200.0,3.332,11085011.0,3.513,3.37,235400.0,3.36,1391300.0,3.38,603800.0,3.35,1538700.0,0.0
2024-04-30 09:43:24,6370000.0,3.37,6101300.0,3.332,11076711.0,3.513,3.37,237100.0,3.36,1339400.0,3.38,603800.0,3.35,1540700.0,0.0
2024-04-30 09:43:27,6387500.0,3.37,6084000.0,3.332,11073411.0,3.513,3.37,223400.0,3.36,1322100.0,3.38,614200.0,3.35,1540700.0,0.0
2024-04-30 09:43:30,6388100.0,3.37,6087900.0,3.332,11082911.0,3.513,3.37,227100.0,3.36,1325400.0,3.38,614200.0,3.35,1540700.0,0.0
2024-04-30 09:43:33,6388100.0,3.37,6087900.0,3.332,11150811.0,3.512,3.37,294100.0,3.36,1325400.0,3.38,614200.0,3.35,1540700.0,0.0
2024-04-30 09:43:36,6417100.0,3.37,6093100.0,3.332,11122711.0,3.513,3.37,266000.0,3.36,1325400.0,3.38,614200.0,3.35,1540700.0,0.0
2024-04-30 09:43:39,6417100.0,3.37,6111600.0,3.332,11140411.0,3.513,3.37,266400.0,3.36,1335800.0,3.38,614200.0,3.35,1543700.0,0.0
2024-04-30 09:43:42,6433400.0,3.37,6086400.0,3.332,11128811.0,3.513,3.37,254800.0,3.36,1318700.0,3.38,614200.0,3.35,1535600.0,0.0029629651306568583
2024-04-30 09:43:45,6433400.0,3.37,6089400.0,3.332,11143211.0,3.513,3.37,262200.0,3.36,1321700.0,3.38,615200.0,3.35,1535600.0,0.0
2024-04-30 09:43:48,6434600.0,3.37,6114200.0,3.332,11148911.0,3.513,3.37,264100.0,3.36,1319700.0,3.38,615200.0,3.35,1562400.0,0.0029717703891576353
2024-04-30 09:43:51,6434700.0,3.36,6117600.0,3.332,11178211.0,3.512,3.37,287600.0,3.36,1319600.0,3.38,615200.0,3.35,1562400.0,0.0029717703891576353
2024-04-30 09:43:54,6434700.0,3.36,6116900.0,3.332,11168611.0,3.513,3.37,286600.0,3.36,1319600.0,3.38,600600.0,3.35,1561700.0,0.0029717703891576353
2024-04-30 09:43:57,6434700.0,3.36,6121900.0,3.332,11197111.0,3.512,3.37,314100.0,3.36,1324600.0,3.38,600600.0,3.35,1561700.0,0.0029717703891576353
2024-04-30 09:44:00,6434700.0,3.36,6126600.0,3.332,11249011.0,3.513,3.37,318100.0,3.36,1328900.0,3.38,616500.0,3.35,1562700.0,0.0029717703891576353
2024-04-30 09:44:03,6436300.0,3.36,6127700.0,3.332,11252111.0,3.512,3.37,318200.0,3.36,1330000.0,3.38,619500.0,3.35,1562700.0,0.0
2024-04-30 09:44:06,6444000.0,3.37,6135200.0,3.332,11261111.0,3.512,3.37,329200.0,3.36,1337500.0,3.38,619500.0,3.35,1562700.0,0.0
2024-04-30 09:44:09,6444000.0,3.37,6140800.0,3.332,11288111.0,3.512,3.37,345700.0,3.36,1337500.0,3.38,617700.0,3.35,1564700.0,0.0029717703891576353
2024-04-30 09:44:12,6458400.0,3.36,6129200.0,3.332,11306411.0,3.512,3.37,364000.0,3.36,1325200.0,3.38,617700.0,3.35,1562400.0,0.0029717703891576353
2024-04-30 09:44:15,6458400.0,3.36,6124000.0,3.332,11305911.0,3.512,3.37,363500.0,3.36,1325200.0,3.38,617700.0,3.35,1562400.0,0.0029717703891576353
2024-04-30 09:44:18,6458400.0,3.36,6138300.0,3.332,11338611.0,3.512,3.37,361600.0,3.36,1329500.0,3.38,643100.0,3.35,1572400.0,0.0
2024-04-30 09:44:21,6458500.0,3.36,6142900.0,3.332,11338311.0,3.512,3.37,361300.0,3.36,1330800.0,3.38,643100.0,3.35,1573400.0,-0.0029717703891576353
2024-04-30 09:44:24,6459300.0,3.37,6161700.0,3.332,11337411.0,3.512,3.37,360500.0,3.36,1330800.0,3.38,641000.0,3.35,1581300.0,0.0
2024-04-30 09:44:27,6466400.0,3.37,6151500.0,3.332,11362411.0,3.511,3.37,360000.0,3.36,1325600.0,3.38,664500.0,3.35,1581300.0,-0.0029717703891576353
2024-04-30 09:44:30,6466400.0,3.37,6157500.0,3.332,11363411.0,3.511,3.37,361000.0,3.36,1325600.0,3.38,664500.0,3.35,1585300.0,-0.0029717703891576353
2024-04-30 09:44:33,6466400.0,3.37,6192700.0,3.332,11363511.0,3.511,3.37,361100.0,3.36,1350600.0,3.38,664500.0,3.35,1592500.0,-0.0029717703891576353
2024-04-30 09:44:36,6468700.0,3.37,6177800.0,3.332,11366511.0,3.511,3.37,359100.0,3.36,1350400.0,3.38,669500.0,3.35,1578100.0,-0.0029717703891576353
2024-04-30 09:44:39,6468800.0,3.37,6176700.0,3.332,11369311.0,3.511,3.37,360900.0,3.36,1354200.0,3.38,669500.0,3.35,1570200.0,0.0
2024-04-30 09:44:42,6754600.0,3.36,5796800.0,3.33,11368211.0,3.511,3.37,359800.0,3.36,952200.0,3.38,669500.0,3.35,1592300.0,-0.0029717703891576353
2024-04-30 09:44:45,6762300.0,3.37,5795400.0,3.33,11361811.0,3.511,3.37,354400.0,3.36,950800.0,3.38,669500.0,3.35,1592300.0,0.0
2024-04-30 09:44:48,6784500.0,3.36,5788900.0,3.33,11362011.0,3.511,3.37,343700.0,3.36,944300.0,3.38,675400.0,3.35,1592300.0,0.0
2024-04-30 09:44:51,6787800.0,3.36,5776100.0,3.33,11361911.0,3.511,3.37,344500.0,3.36,931500.0,3.38,675400.0,3.35,1592300.0,0.0029717703891576353
2024-04-30 09:44:54,6789000.0,3.36,5762500.0,3.33,11374711.0,3.511,3.37,344100.0,3.36,917900.0,3.38,675400.0,3.35,1592300.0,0.0029717703891576353
2024-04-30 09:44:57,6790600.0,3.36,5773500.0,3.33,11380811.0,3.511,3.37,345500.0,3.36,923900.0,3.38,675400.0,3.35,1592300.0,0.0
2024-04-30 09:45:00,6821300.0,3.37,5748600.0,3.33,11384011.0,3.511,3.37,340100.0,3.36,899000.0,3.38,684000.0,3.35,1592300.0,0.0
2024-04-30 09:45:03,6838200.0,3.36,5741600.0,3.33,11383911.0,3.511,3.37,345000.0,3.36,891000.0,3.38,684000.0,3.35,1592300.0,0.0
2024-04-30 09:45:06,7326900.0,3.36,5282900.0,3.327,11437911.0,3.511,3.37,401500.0,3.36,408000.0,3.38,680400.0,3.35,1612300.0,0.005952398527295344
2024-04-30 09:45:09,7746500.0,3.35,4877100.0,3.325,11480611.0,3.51,3.36,59900.0,3.35,1607800.0,3.37,392400.0,3.34,833100.0,0.0
2024-04-30 09:45:12,7770500.0,3.36,4867500.0,3.325,11464811.0,3.51,3.36,53200.0,3.35,1598200.0,3.37,386200.0,3.34,833100.0,0.0029717703891576353
2024-04-30 09:45:15,7770500.0,3.36,4866400.0,3.325,11544011.0,3.509,3.36,122400.0,3.35,1592800.0,3.37,389700.0,3.34,833100.0,0.0029717703891576353
2024-04-30 09:45:18,7777100.0,3.36,4957300.0,3.325,11573711.0,3.509,3.36,143700.0,3.35,1683700.0,3.37,389700.0,3.34,833100.0,0.0029717703891576353
2024-04-30 09:45:21,7777100.0,3.36,5019400.0,3.325,11579711.0,3.509,3.36,165400.0,3.35,1684900.0,3.37,389700.0,3.34,893000.0,0.0029717703891576353
2024-04-30 09:45:24,7777100.0,3.36,5039600.0,3.325,11588511.0,3.509,3.36,167300.0,3.35,1695100.0,3.37,405000.0,3.34,893000.0,0.005952398527295344
2024-04-30 09:45:27,7788400.0,3.35,4940200.0,3.325,11700811.0,3.507,3.36,169500.0,3.35,1595800.0,3.37,510900.0,3.34,892900.0,0.0029806281381377087
2024-04-30 09:45:30,7790500.0,3.35,4939600.0,3.325,11759711.0,3.507,3.36,209600.0,3.35,1595200.0,3.37,525900.0,3.34,892900.0,0.0029806281381377087
2024-04-30 09:45:33,7812400.0,3.35,4962800.0,3.324,11751411.0,3.507,3.36,219300.0,3.35,1582300.0,3.37,525900.0,3.34,892900.0,0.0029806281381377087
2024-04-30 09:45:36,7816900.0,3.35,4960600.0,3.324,11712811.0,3.507,3.36,222200.0,3.35,1577000.0,3.37,524400.0,3.34,892900.0,0.005952398527295344
2024-04-30 09:45:39,7839900.0,3.35,4971000.0,3.324,11710511.0,3.507,3.36,222600.0,3.35,1569000.0,3.37,524400.0,3.34,893400.0,0.0029717703891576353
2024-04-30 09:45:42,7848700.0,3.36,4934000.0,3.324,11733311.0,3.507,3.36,213500.0,3.35,1532000.0,3.37,534400.0,3.34,893400.0,0.0029717703891576353
2024-04-30 09:45:45,7848700.0,3.36,4946900.0,3.324,11754611.0,3.507,3.36,225800.0,3.35,1536900.0,3.37,534400.0,3.34,898400.0,0.005952398527295344
2024-04-30 09:45:48,7852700.0,3.35,5041700.0,3.323,11774211.0,3.507,3.36,225400.0,3.35,1512900.0,3.37,554400.0,3.34,898400.0,0.0029717703891576353
2024-04-30 09:45:51,7853400.0,3.36,5077800.0,3.323,11779211.0,3.507,3.36,229700.0,3.35,1510800.0,3.37,554400.0,3.34,898400.0,0.0029717703891576353
2024-04-30 09:45:54,7853400.0,3.36,5117700.0,3.324,11746011.0,3.507,3.36,207100.0,3.35,1556500.0,3.37,541800.0,3.34,890600.0,0.0029806281381377087
2024-04-30 09:45:57,7853500.0,3.35,5136400.0,3.324,11795211.0,3.506,3.36,220200.0,3.35,1552500.0,3.37,555300.0,3.34,897200.0,0.0029717703891576353
2024-04-30 09:46:00,7853700.0,3.36,5157200.0,3.324,11962711.0,3.505,3.36,242400.0,3.35,1563300.0,3.37,555300.0,3.34,899400.0,0.0029806281381377087
2024-04-30 09:46:03,7902700.0,3.35,5118700.0,3.324,11979711.0,3.504,3.36,272800.0,3.35,1520800.0,3.37,553700.0,3.34,903400.0,0.0
2024-04-30 09:46:06,7922400.0,3.36,5138200.0,3.324,11938311.0,3.505,3.36,254800.0,3.35,1538600.0,3.37,547400.0,3.34,903400.0,0.0
2024-04-30 09:46:09,7922400.0,3.36,5141400.0,3.324,12012911.0,3.504,3.36,282500.0,3.35,1541700.0,3.37,551200.0,3.34,903500.0,0.0029806281381377087
2024-04-30 09:46:12,7949600.0,3.35,5182300.0,3.324,12017911.0,3.504,3.36,287500.0,3.35,1570300.0,3.37,551200.0,3.34,903500.0,0.0029717703891576353
2024-04-30 09:46:15,7961600.0,3.36,5224600.0,3.324,12040511.0,3.504,3.36,293200.0,3.35,1610700.0,3.37,553200.0,3.34,903500.0,0.0029717703891576353
2024-04-30 09:46:18,7962700.0,3.36,5225700.0,3.324,12086911.0,3.503,3.36,293000.0,3.35,1611800.0,3.37,580200.0,3.34,903500.0,0.0029717703891576353
2024-04-30 09:46:21,7962700.0,3.36,5241900.0,3.324,12090011.0,3.503,3.36,293700.0,3.35,1612400.0,3.37,582600.0,3.34,908500.0,0.0029717703891576353
2024-04-30 09:46:24,7963900.0,3.36,5241900.0,3.324,12084011.0,3.504,3.36,292700.0,3.35,1612400.0,3.37,576600.0,3.34,908500.0,0.0
2024-04-30 09:46:27,7964700.0,3.36,5221300.0,3.324,12102211.0,3.504,3.36,302400.0,3.35,1612100.0,3.37,576600.0,3.34,888200.0,0.0
2024-04-30 09:46:30,7967300.0,3.36,5219300.0,3.324,12102811.0,3.504,3.36,301800.0,3.35,1610100.0,3.37,577600.0,3.34,888200.0,0.0
2024-04-30 09:46:33,7967300.0,3.36,5218800.0,3.324,12111411.0,3.504,3.36,301900.0,3.35,1609600.0,3.37,578200.0,3.34,888200.0,0.0
2024-04-30 09:46:36,7967500.0,3.36,5221300.0,3.324,12187111.0,3.503,3.36,363400.0,3.35,1607700.0,3.37,574500.0,3.34,888700.0,0.0
2024-04-30 09:46:39,7968400.0,3.36,5221000.0,3.324,12198411.0,3.503,3.36,363400.0,3.35,1609000.0,3.37,583500.0,3.34,888700.0,0.0
2024-04-30 09:46:42,7976300.0,3.36,5221400.0,3.324,12196711.0,3.503,3.36,357600.0,3.35,1609100.0,3.37,583500.0,3.34,888000.0,0.0
2024-04-30 09:46:45,7977300.0,3.36,5229600.0,3.324,12197811.0,3.503,3.36,356700.0,3.35,1612100.0,3.37,583500.0,3.34,888000.0,0.0029806281381377087
2024-04-30 09:46:48,7977400.0,3.35,5284500.0,3.324,12200911.0,3.503,3.36,356900.0,3.35,1612000.0,3.37,585500.0,3.34,893000.0,0.005952398527295344
2024-04-30 09:46:51,7981900.0,3.35,5282700.0,3.324,12203111.0,3.503,3.36,356800.0,3.35,1610100.0,3.37,585500.0,3.34,893100.0,0.005952398527295344
2024-04-30 09:46:54,7995200.0,3.35,5274400.0,3.324,12197111.0,3.503,3.36,350800.0,3.35,1602200.0,3.37,585500.0,3.34,892700.0,0.0029717703891576353
2024-04-30 09:46:57,8004900.0,3.36,5274900.0,3.324,12192411.0,3.503,3.36,346100.0,3.35,1602200.0,3.37,585500.0,3.34,892700.0,0.005952398527295344
2024-04-30 09:47:00,8005900.0,3.35,5279800.0,3.324,12193411.0,3.503,3.36,347100.0,3.35,1594200.0,3.37,585400.0,3.34,902700.0,0.0029806281381377087
2024-04-30 09:47:03,8005900.0,3.35,5279800.0,3.324,12192211.0,3.503,3.36,345900.0,3.35,1594200.0,3.37,585400.0,3.34,902700.0,0.0029806281381377087
2024-04-30 09:47:06,8031300.0,3.35,5278100.0,3.324,12181411.0,3.503,3.36,335100.0,3.35,1578200.0,3.37,585400.0,3.34,912300.0,0.0
2024-04-30 09:47:09,8035200.0,3.36,5272900.0,3.324,12208711.0,3.503,3.36,362400.0,3.35,1578000.0,3.37,585400.0,3.34,912300.0,0.0
2024-04-30 09:47:12,8043200.0,3.36,5277200.0,3.324,12266011.0,3.502,3.36,356400.0,3.35,1578700.0,3.37,646400.0,3.34,913800.0,0.0
2024-04-30 09:47:15,8043200.0,3.36,5303200.0,3.324,12302211.0,3.502,3.36,396200.0,3.35,1587200.0,3.37,641800.0,3.34,903800.0,0.0029806281381377087
2024-04-30 09:47:18,8043600.0,3.35,5306300.0,3.324,12339911.0,3.502,3.36,396200.0,3.35,1586800.0,3.37,641200.0,3.34,903800.0,0.005952398527295344
2024-04-30 09:47:21,8044100.0,3.35,5314100.0,3.324,12383211.0,3.502,3.36,424500.0,3.35,1594600.0,3.37,654200.0,3.34,903800.0,0.0
2024-04-30 09:47:24,8044200.0,3.36,5344100.0,3.324,12232711.0,3.503,3.36,464100.0,3.35,1594600.0,3.37,667100.0,3.34,933800.0,0.0
2024-04-30 09:47:27,8044800.0,3.36,5353000.0,3.324,12244811.0,3.503,3.36,467700.0,3.35,1604500.0,3.37,667100.0,3.34,933800.0,0.0
2024-04-30 09:47:30,8045100.0,3.36,5359000.0,3.324,12191611.0,3.503,3.36,468100.0,3.35,1607400.0,3.37,667100.0,3.34,934900.0,0.0029717703891576353
2024-04-30 09:47:33,8046000.0,3.36,5360900.0,3.324,12210611.0,3.503,3.36,487200.0,3.35,1607400.0,3.37,667000.0,3.34,936800.0,0.0
2024-04-30 09:47:36,8046000.0,3.36,5380500.0,3.324,12010611.0,3.505,3.36,487200.0,3.35,1608100.0,3.37,667000.0,3.34,936800.0,0.0029717703891576353
2024-04-30 09:47:39,8046000.0,3.36,5472400.0,3.324,12028511.0,3.505,3.36,487200.0,3.35,1700000.0,3.37,664900.0,3.34,939800.0,0.0
2024-04-30 09:47:42,8052100.0,3.36,5474400.0,3.324,12118411.0,3.504,3.36,481100.0,3.35,1700000.0,3.37,664900.0,3.34,939800.0,0.0
2024-04-30 09:47:45,8052100.0,3.36,5479000.0,3.324,12121311.0,3.504,3.36,483100.0,3.35,1700000.0,3.37,664900.0,3.34,943400.0,0.0029717703891576353
2024-04-30 09:47:48,8057800.0,3.36,5554300.0,3.325,12181911.0,3.503,3.36,482100.0,3.35,1775300.0,3.37,722500.0,3.34,943400.0,0.0029717703891576353
2024-04-30 09:47:51,8058000.0,3.36,5554500.0,3.325,12458611.0,3.5,3.36,658900.0,3.35,1777500.0,3.37,822400.0,3.34,943400.0,0.0029717703891576353
2024-04-30 09:47:54,8068900.0,3.36,5572400.0,3.324,12450811.0,3.5,3.36,648100.0,3.35,1777400.0,3.37,822400.0,3.34,943300.0,0.005952398527295344
2024-04-30 09:47:57,8069400.0,3.35,5576900.0,3.324,12465011.0,3.5,3.36,657200.0,3.35,1776900.0,3.37,826900.0,3.34,943300.0,0.005952398527295344
2024-04-30 09:48:00,8119400.0,3.35,5535300.0,3.324,12464711.0,3.5,3.36,657000.0,3.35,1728000.0,3.37,826800.0,3.34,943300.0,0.0029806281381377087
2024-04-30 09:48:03,8124400.0,3.35,5544700.0,3.324,12466311.0,3.5,3.36,658600.0,3.35,1729200.0,3.37,826800.0,3.34,951400.0,0.0029717703891576353
2024-04-30 09:48:06,8124700.0,3.36,5544700.0,3.324,12453011.0,3.5,3.36,658300.0,3.35,1729200.0,3.37,826800.0,3.34,951400.0,0.0029717703891576353
2024-04-30 09:48:09,8126200.0,3.36,5563100.0,3.324,12455211.0,3.5,3.36,660600.0,3.35,1747600.0,3.37,826700.0,3.34,951400.0,0.005952398527295344
2024-04-30 09:48:12,8133500.0,3.35,5666000.0,3.324,12430711.0,3.5,3.36,636200.0,3.35,1747400.0,3.37,826600.0,3.34,951400.0,0.0029717703891576353
2024-04-30 09:48:15,8134300.0,3.36,5682000.0,3.324,12442311.0,3.5,3.36,652900.0,3.35,1758400.0,3.37,826600.0,3.34,956400.0,0.0029717703891576353
2024-04-30 09:48:18,8134300.0,3.36,5687900.0,3.324,12442311.0,3.5,3.36,652900.0,3.35,1749300.0,3.37,826600.0,3.34,956400.0,0.005952398527295344
2024-04-30 09:48:21,8134600.0,3.35,5677300.0,3.324,12479311.0,3.5,3.36,652900.0,3.35,1749300.0,3.37,826600.0,3.34,956400.0,0.005952398527295344
2024-04-30 09:48:24,8135100.0,3.35,5682900.0,3.324,12486311.0,3.5,3.36,655100.0,3.35,1754900.0,3.37,830000.0,3.34,956400.0,0.0
2024-04-30 09:48:27,8215700.0,3.36,5645900.0,3.324,12453711.0,3.5,3.36,622500.0,3.35,1704900.0,3.37,830000.0,3.34,969400.0,0.005952398527295344
2024-04-30 09:48:30,8226200.0,3.35,5657800.0,3.324,12467511.0,3.5,3.36,610100.0,3.35,1697800.0,3.37,852000.0,3.34,969400.0,0.0029717703891576353
2024-04-30 09:48:33,8226600.0,3.36,5655500.0,3.324,12668111.0,3.498,3.36,609700.0,3.35,1695500.0,3.37,1050000.0,3.34,969400.0,0.0029717703891576353
2024-04-30 09:48:36,8226600.0,3.36,5659400.0,3.324,12667611.0,3.498,3.36,634300.0,3.35,1698200.0,3.37,1050000.0,3.34,969400.0,0.0029717703891576353
2024-04-30 09:48:39,8226600.0,3.36,5658200.0,3.324,12667611.0,3.498,3.36,634300.0,3.35,1699000.0,3.37,1050000.0,3.34,969400.0,0.005952398527295344
2024-04-30 09:48:42,8233000.0,3.35,5677300.0,3.323,12682411.0,3.498,3.36,634500.0,3.35,1698100.0,3.37,1050000.0,3.34,969400.0,0.005952398527295344
2024-04-30 09:48:45,8233000.0,3.35,5684100.0,3.323,12677511.0,3.498,3.36,641600.0,3.35,1701100.0,3.37,1050000.0,3.34,973300.0,0.005952398527295344
2024-04-30 09:48:48,8233000.0,3.35,5689400.0,3.323,12606311.0,3.499,3.36,641800.0,3.35,1703400.0,3.37,1020000.0,3.34,973300.0,0.005952398527295344
2024-04-30 09:48:51,8233000.0,3.35,5685400.0,3.323,12606211.0,3.499,3.36,641800.0,3.35,1694400.0,3.37,1019900.0,3.34,973300.0,0.0
2024-04-30 09:48:54,8240000.0,3.36,5678800.0,3.323,12615811.0,3.499,3.36,636700.0,3.35,1682500.0,3.37,1019900.0,3.34,973300.0,0.005952398527295344
2024-04-30 09:48:57,8250300.0,3.35,5669200.0,3.323,12626411.0,3.499,3.36,650400.0,3.35,1672900.0,3.37,1019800.0,3.34,973300.0,0.005952398527295344
2024-04-30 09:49:00,8252400.0,3.35,5668100.0,3.323,12698511.0,3.498,3.36,722500.0,3.35,1671800.0,3.37,1019800.0,3.34,973300.0,0.005952398527295344
2024-04-30 09:49:03,8274000.0,3.35,5676100.0,3.323,12698811.0,3.498,3.36,722500.0,3.35,1678800.0,3.37,1019800.0,3.34,974300.0,0.005952398527295344
2024-04-30 09:49:06,8276400.0,3.35,5679700.0,3.323,12696811.0,3.498,3.36,720500.0,3.35,1682400.0,3.37,1019800.0,3.34,974300.0,0.005952398527295344
2024-04-30 09:49:09,8277100.0,3.35,5683800.0,3.323,12700211.0,3.498,3.36,720500.0,3.35,1684700.0,3.37,1019800.0,3.34,975600.0,0.0029717703891576353
2024-04-30 09:49:12,8287800.0,3.36,5696500.0,3.323,12674511.0,3.498,3.36,691800.0,3.35,1685400.0,3.37,1019800.0,3.34,976600.0,0.0
2024-04-30 09:49:15,8288100.0,3.36,5678600.0,3.323,12675511.0,3.498,3.36,682800.0,3.35,1662500.0,3.37,1029800.0,3.34,976600.0,0.0029806281381377087
2024-04-30 09:49:18,8317000.0,3.35,5657800.0,3.323,12663911.0,3.498,3.36,662100.0,3.35,1640700.0,3.37,1034700.0,3.34,976600.0,0.0029717703891576353
2024-04-30 09:49:21,8335100.0,3.36,5626500.0,3.323,12664211.0,3.498,3.36,662400.0,3.35,1623800.0,3.37,1034700.0,3.34,976600.0,0.0029806281381377087
2024-04-30 09:49:24,8335700.0,3.35,5598900.0,3.323,12664711.0,3.498,3.36,662900.0,3.35,1623200.0,3.37,1034700.0,3.34,946600.0,0.005952398527295344
2024-04-30 09:49:27,8335700.0,3.35,5673000.0,3.323,12684811.0,3.498,3.36,681000.0,3.35,1706900.0,3.37,1036700.0,3.34,937000.0,0.005952398527295344
2024-04-30 09:49:30,8347700.0,3.35,5677000.0,3.323,12675011.0,3.498,3.36,681200.0,3.35,1696900.0,3.37,1036700.0,3.34,937000.0,0.005952398527295344
2024-04-30 09:49:33,8347700.0,3.35,5713500.0,3.323,12698211.0,3.498,3.36,681300.0,3.35,1705000.0,3.37,1055800.0,3.34,945400.0,0.0029717703891576353
2024-04-30 09:49:36,8359900.0,3.36,5709500.0,3.323,12695711.0,3.498,3.36,678800.0,3.35,1701000.0,3.37,1055800.0,3.34,945400.0,0.005952398527295344
2024-04-30 09:49:39,8360700.0,3.35,5728000.0,3.323,12741311.0,3.497,3.36,688800.0,3.35,1719500.0,3.37,1091400.0,3.34,945400.0,0.008915363657952202
2024-04-30 09:49:42,8360700.0,3.35,5738000.0,3.323,12742111.0,3.497,3.36,688800.0,3.35,1725500.0,3.37,1091400.0,3.34,945400.0,0.0029717703891576353
2024-04-30 09:49:45,8362200.0,3.36,5732200.0,3.323,12776111.0,3.497,3.36,721700.0,3.35,1719600.0,3.37,1092500.0,3.34,945400.0,0.005952398527295344
2024-04-30 09:49:48,8432900.0,3.35,5769000.0,3.323,12734911.0,3.497,3.36,680500.0,3.35,1735600.0,3.37,1092500.0,3.34,946000.0,0.005952398527295344
2024-04-30 09:49:51,8442000.0,3.35,5784900.0,3.323,12712511.0,3.498,3.36,658100.0,3.35,1751500.0,3.37,1092500.0,3.34,946000.0,0.0029717703891576353
2024-04-30 09:49:54,8651600.0,3.36,5784400.0,3.323,12505011.0,3.5,3.36,450100.0,3.35,1751000.0,3.37,1093000.0,3.34,946000.0,0.0029717703891576353
2024-04-30 09:49:57,9102000.0,3.36,5959500.0,3.325,11997511.0,3.506,3.37,1038600.0,3.36,186200.0,3.38,816900.0,3.35,1739900.0,0.0029717703891576353
2024-04-30 09:50:00,9127100.0,3.36,5948900.0,3.325,12001511.0,3.506,3.37,1043300.0,3.36,189800.0,3.38,815200.0,3.35,1730100.0,0.0059347355198144935
2024-04-30 09:50:03,9127400.0,3.36,5977200.0,3.325,11995111.0,3.506,3.37,1035900.0,3.36,213700.0,3.38,815200.0,3.35,1737400.0,0.0059347355198144935
2024-04-30 09:50:06,9127400.0,3.36,6033500.0,3.325,11994011.0,3.506,3.37,1034800.0,3.36,264300.0,3.38,815200.0,3.35,1738800.0,0.0059347355198144935
2024-04-30 09:50:09,9135800.0,3.36,6275400.0,3.326,11981411.0,3.506,3.37,1034800.0,3.36,537000.0,3.38,815200.0,3.35,1709000.0,0.0029717703891576353
2024-04-30 09:50:12,9138800.0,3.36,6288100.0,3.326,11981211.0,3.506,3.37,1034600.0,3.36,539600.0,3.38,815200.0,3.35,1718100.0,0.0029717703891576353
2024-04-30 09:50:15,9139500.0,3.36,6303000.0,3.326,11984411.0,3.506,3.37,1034700.0,3.36,541800.0,3.38,815200.0,3.35,1720800.0,0.0029717703891576353
2024-04-30 09:50:18,9139500.0,3.36,6315400.0,3.327,12018811.0,3.506,3.37,1035400.0,3.36,571600.0,3.38,815200.0,3.35,1703400.0,0.0029717703891576353
2024-04-30 09:50:21,9140700.0,3.36,6392000.0,3.327,12008811.0,3.506,3.37,1025400.0,3.36,645700.0,3.38,815200.0,3.35,1703400.0,0.0059347355198144935
2024-04-30 09:50:24,9151100.0,3.36,6420700.0,3.327,12013811.0,3.506,3.37,1025400.0,3.36,646200.0,3.38,816200.0,3.35,1731600.0,0.0029717703891576353
2024-04-30 09:50:27,9151100.0,3.36,6428500.0,3.327,12020711.0,3.506,3.37,1026300.0,3.36,651500.0,3.38,816200.0,3.35,1731600.0,0.0059347355198144935
2024-04-30 09:50:30,9151100.0,3.36,6449300.0,3.327,12055911.0,3.506,3.37,1026400.0,3.36,672400.0,3.38,816300.0,3.35,1733600.0,0.0059347355198144935
2024-04-30 09:50:33,9156100.0,3.36,6448400.0,3.327,12042411.0,3.507,3.37,1012900.0,3.36,668600.0,3.38,816300.0,3.35,1733500.0,0.0059347355198144935
2024-04-30 09:50:36,9156100.0,3.36,6467600.0,3.327,12042411.0,3.507,3.37,1012900.0,3.36,681400.0,3.38,816300.0,3.35,1738900.0,0.0059347355198144935
2024-04-30 09:50:39,9162600.0,3.36,6476600.0,3.327,11997111.0,3.507,3.37,1002800.0,3.36,682700.0,3.38,816400.0,3.35,1745400.0,0.0059347355198144935
2024-04-30 09:50:42,9162900.0,3.36,6520400.0,3.327,11990111.0,3.507,3.37,1000800.0,3.36,712700.0,3.38,816400.0,3.35,1759200.0,0.0029717703891576353
2024-04-30 09:50:45,9163100.0,3.36,6903300.0,3.329,11990111.0,3.507,3.37,1000800.0,3.36,1095600.0,3.38,816400.0,3.35,1758200.0,0.0059347355198144935
2024-04-30 09:50:48,9163100.0,3.36,6977100.0,3.33,11989611.0,3.507,3.37,998800.0,3.36,1168700.0,3.38,819400.0,3.35,1766400.0,0.0029629651306568583
2024-04-30 09:50:51,9205300.0,3.37,6981200.0,3.33,11949311.0,3.507,3.37,958500.0,3.36,1170500.0,3.38,819400.0,3.35,1768700.0,0.0059347355198144935
2024-04-30 09:50:54,9208300.0,3.36,7016800.0,3.33,11929311.0,3.508,3.37,938500.0,3.36,1206500.0,3.38,819400.0,3.35,1770700.0,0.0059347355198144935
2024-04-30 09:50:57,9208300.0,3.36,7022400.0,3.33,11938911.0,3.508,3.37,938500.0,3.36,1209600.0,3.38,819400.0,3.35,1773200.0,0.0059347355198144935
2024-04-30 09:51:00,9208300.0,3.36,7031800.0,3.33,11939111.0,3.508,3.37,938700.0,3.36,1212000.0,3.38,819400.0,3.35,1793200.0,0.0029629651306568583
2024-04-30 09:51:03,9239700.0,3.37,7027300.0,3.33,11904611.0,3.508,3.37,912300.0,3.36,1207500.0,3.38,810800.0,3.35,1793200.0,0.0029629651306568583
2024-04-30 09:51:06,9288400.0,3.37,7028000.0,3.33,11836611.0,3.509,3.37,864300.0,3.36,1208200.0,3.38,790800.0,3.35,1793200.0,0.0059347355198144935
2024-04-30 09:51:09,9304300.0,3.36,7038600.0,3.33,11607211.0,3.512,3.37,634900.0,3.36,1220800.0,3.38,790800.0,3.35,1791200.0,0.0
2024-04-30 09:51:12,9969800.0,3.38,7068600.0,3.33,10969311.0,3.52,3.38,734800.0,3.37,30100.0,3.39,689900.0,3.36,1219900.0,0.0
2024-04-30 09:51:15,9969800.0,3.38,7155200.0,3.33,10973911.0,3.52,3.38,739400.0,3.37,52900.0,3.39,689900.0,3.36,1301600.0,0.0029629651306568583
2024-04-30 09:51:18,10007200.0,3.37,7131300.0,3.33,10976511.0,3.52,3.38,741600.0,3.37,28400.0,3.39,689900.0,3.36,1305600.0,0.0
2024-04-30 09:51:21,10036600.0,3.38,7208200.0,3.331,10947311.0,3.52,3.38,712200.0,3.37,34800.0,3.39,689900.0,3.36,1379100.0,0.0
2024-04-30 09:51:24,10037300.0,3.37,7189500.0,3.33,10991711.0,3.52,3.38,746400.0,3.37,36600.0,3.39,702200.0,3.36,1372600.0,0.0029629651306568583
2024-04-30 09:51:27,10047100.0,3.37,7217600.0,3.331,10993011.0,3.52,3.38,747700.0,3.37,49700.0,3.39,702200.0,3.36,1390600.0,0.0029629651306568583
2024-04-30 09:51:30,10048900.0,3.37,7225400.0,3.331,11016711.0,3.52,3.38,754900.0,3.37,49600.0,3.39,702200.0,3.36,1398500.0,0.0
2024-04-30 09:51:33,10050100.0,3.37,7272200.0,3.331,10983611.0,3.52,3.38,720700.0,3.37,66300.0,3.39,702200.0,3.36,1425600.0,0.0
2024-04-30 09:51:36,10067800.0,3.37,7265700.0,3.331,10980811.0,3.52,3.38,722900.0,3.37,54800.0,3.39,702200.0,3.36,1425600.0,0.0
2024-04-30 09:51:39,10075500.0,3.38,7272100.0,3.331,10990811.0,3.52,3.38,716200.0,3.37,66500.0,3.39,698400.0,3.36,1427000.0,0.0
2024-04-30 09:51:42,10092500.0,3.37,7274000.0,3.331,10991411.0,3.52,3.38,716200.0,3.37,49500.0,3.39,698400.0,3.36,1470800.0,0.0
2024-04-30 09:51:45,10093700.0,3.38,7287500.0,3.331,10977111.0,3.52,3.38,701900.0,3.37,60500.0,3.39,698400.0,3.36,1470800.0,0.0
2024-04-30 09:51:48,10098700.0,3.38,7294700.0,3.331,10981211.0,3.52,3.38,697100.0,3.37,62300.0,3.39,698400.0,3.36,1476200.0,-0.0029629651306568583
2024-04-30 09:51:51,10100600.0,3.38,7318000.0,3.331,11033011.0,3.52,3.38,695100.0,3.37,64600.0,3.39,698400.0,3.36,1497200.0,-0.0029629651306568583
2024-04-30 09:51:54,10106700.0,3.38,7374400.0,3.331,11043011.0,3.52,3.38,705100.0,3.37,82800.0,3.39,698400.0,3.36,1500200.0,0.0
2024-04-30 09:51:57,10156700.0,3.37,7442700.0,3.331,11049811.0,3.52,3.38,706200.0,3.37,38300.0,3.39,698400.0,3.36,1604600.0,-0.0029629651306568583
2024-04-30 09:52:00,10180900.0,3.38,7499100.0,3.332,11070511.0,3.52,3.38,684100.0,3.37,94700.0,3.39,721200.0,3.36,1604600.0,-0.0029629651306568583
2024-04-30 09:52:03,10181600.0,3.38,7528400.0,3.332,11050811.0,3.52,3.38,676700.0,3.37,106200.0,3.39,721200.0,3.36,1604600.0,0.0
2024-04-30 09:52:06,10181600.0,3.38,7642400.0,3.332,11074611.0,3.52,3.38,677200.0,3.37,119200.0,3.39,721200.0,3.36,1694600.0,0.0
2024-04-30 09:52:09,10243000.0,3.38,7634400.0,3.332,11022611.0,3.52,3.38,614400.0,3.37,130900.0,3.39,732000.0,3.36,1677700.0,0.0029629651306568583
2024-04-30 09:52:12,10246100.0,3.37,7719200.0,3.333,11024311.0,3.52,3.38,614300.0,3.37,205400.0,3.39,732000.0,3.36,1678600.0,0.0
2024-04-30 09:52:15,10246100.0,3.37,7871200.0,3.333,11114311.0,3.522,3.38,613900.0,3.37,356800.0,3.39,738800.0,3.36,1679200.0,0.0
2024-04-30 09:52:18,10246100.0,3.37,7894500.0,3.333,11054111.0,3.523,3.38,591600.0,3.37,379900.0,3.39,738800.0,3.36,1679400.0,0.0
2024-04-30 09:52:21,10246100.0,3.37,8098100.0,3.334,11060911.0,3.523,3.38,595300.0,3.37,558000.0,3.39,738800.0,3.36,1695400.0,0.0029629651306568583
2024-04-30 09:52:24,10246100.0,3.37,8161000.0,3.334,11062111.0,3.523,3.38,595300.0,3.37,590900.0,3.39,738800.0,3.36,1695400.0,0.0
2024-04-30 09:52:27,10246800.0,3.37,8125100.0,3.334,11079311.0,3.522,3.38,596200.0,3.37,593900.0,3.39,755100.0,3.36,1695400.0,-0.0029629651306568583
2024-04-30 09:52:30,10246900.0,3.38,8151400.0,3.335,11084311.0,3.522,3.38,601200.0,3.37,596500.0,3.39,755100.0,3.36,1719100.0,0.0
2024-04-30 09:52:33,10247400.0,3.37,8152600.0,3.335,11076911.0,3.523,3.38,601200.0,3.37,597000.0,3.39,755100.0,3.36,1718800.0,0.0
2024-04-30 09:52:36,10248000.0,3.37,8179700.0,3.335,11076911.0,3.523,3.38,601200.0,3.37,599300.0,3.39,755100.0,3.36,1758800.0,0.0029629651306568583
2024-04-30 09:52:39,10271500.0,3.37,8153800.0,3.335,11068411.0,3.523,3.38,592900.0,3.37,584400.0,3.39,754900.0,3.36,1758800.0,-0.0029629651306568583
2024-04-30 09:52:42,10291200.0,3.38,8049300.0,3.334,11076211.0,3.523,3.38,601700.0,3.37,447600.0,3.39,754900.0,3.36,1758700.0,-0.0029629651306568583
2024-04-30 09:52:45,10291300.0,3.38,8054300.0,3.334,11076111.0,3.523,3.38,601600.0,3.37,452600.0,3.39,754900.0,3.36,1758700.0,0.0029629651306568583
2024-04-30 09:52:48,10304400.0,3.37,8078300.0,3.334,11066211.0,3.522,3.38,611200.0,3.37,460600.0,3.39,754900.0,3.36,1774700.0,0.0
2024-04-30 09:52:51,10306700.0,3.38,8092400.0,3.334,11064011.0,3.522,3.38,609000.0,3.37,457800.0,3.39,754900.0,3.36,1784700.0,0.0
2024-04-30 09:52:54,10317900.0,3.38,8235800.0,3.335,11084411.0,3.522,3.38,604200.0,3.37,599200.0,3.39,779900.0,3.36,1784700.0,0.0
2024-04-30 09:52:57,10337900.0,3.38,8242400.0,3.335,11058111.0,3.522,3.38,577900.0,3.37,604800.0,3.39,779900.0,3.36,1785700.0,0.0
2024-04-30 09:53:00,10438300.0,3.38,8248900.0,3.335,10954311.0,3.524,3.38,478200.0,3.37,606300.0,3.39,779900.0,3.36,1790700.0,0.0
2024-04-30 09:53:03,10450000.0,3.38,8250300.0,3.335,10991111.0,3.523,3.38,464000.0,3.37,607700.0,3.39,779900.0,3.36,1790700.0,0.0
2024-04-30 09:53:06,10450000.0,3.38,8275400.0,3.335,10990911.0,3.523,3.38,463700.0,3.37,624300.0,3.39,779900.0,3.36,1789200.0,0.0
2024-04-30 09:53:09,10450000.0,3.38,8280400.0,3.335,11006311.0,3.523,3.38,478100.0,3.37,630800.0,3.39,779900.0,3.36,1789200.0,0.0
2024-04-30 09:53:12,10452900.0,3.38,8272200.0,3.335,11015011.0,3.523,3.38,482800.0,3.37,630700.0,3.39,779900.0,3.36,1788400.0,-0.0029629651306568583
2024-04-30 09:53:15,10463200.0,3.38,8303600.0,3.335,11026711.0,3.523,3.38,473100.0,3.37,630900.0,3.39,782800.0,3.36,1823400.0,-0.0029629651306568583
2024-04-30 09:53:18,10464100.0,3.38,8306800.0,3.335,11032811.0,3.523,3.38,477200.0,3.37,633800.0,3.39,784800.0,3.36,1823700.0,0.0029629651306568583
2024-04-30 09:53:21,10466000.0,3.37,8304000.0,3.335,11040411.0,3.523,3.38,476300.0,3.37,629300.0,3.39,793300.0,3.36,1825200.0,0.0029629651306568583
2024-04-30 09:53:24,10487500.0,3.37,8289300.0,3.335,11024411.0,3.523,3.38,456300.0,3.37,627800.0,3.39,797300.0,3.36,1811800.0,-0.0029629651306568583
2024-04-30 09:53:27,10489700.0,3.38,8298500.0,3.335,11024411.0,3.523,3.38,454100.0,3.37,636900.0,3.39,799300.0,3.36,1811900.0,0.0
2024-04-30 09:53:30,10497900.0,3.37,8324200.0,3.335,11026311.0,3.523,3.38,457200.0,3.37,647600.0,3.39,798100.0,3.36,1809900.0,0.0029629651306568583
2024-04-30 09:53:33,10497900.0,3.37,8327200.0,3.335,11047711.0,3.523,3.38,468100.0,3.37,650600.0,3.39,808600.0,3.36,1809900.0,0.0029629651306568583
2024-04-30 09:53:36,10498100.0,3.37,8330000.0,3.335,11058311.0,3.523,3.38,478700.0,3.37,651400.0,3.39,808600.0,3.36,1809900.0,0.0
2024-04-30 09:53:39,10500200.0,3.38,8273000.0,3.335,11083211.0,3.522,3.38,496600.0,3.37,607800.0,3.39,808600.0,3.36,1796500.0,0.0
2024-04-30 09:53:42,10556600.0,3.37,8252600.0,3.335,11110611.0,3.522,3.38,520000.0,3.37,587400.0,3.39,811400.0,3.36,1796500.0,0.0
2024-04-30 09:53:45,10561800.0,3.37,8090700.0,3.334,11111611.0,3.522,3.38,521000.0,3.37,415300.0,3.39,811400.0,3.36,1806700.0,0.0
2024-04-30 09:53:48,10562600.0,3.37,8090900.0,3.334,11142811.0,3.522,3.38,552000.0,3.37,416600.0,3.39,811600.0,3.36,1805600.0,0.0029629651306568583
2024-04-30 09:53:51,10564100.0,3.37,8088100.0,3.334,11141411.0,3.522,3.38,552000.0,3.37,409000.0,3.39,811600.0,3.36,1809400.0,0.0029629651306568583
2024-04-30 09:53:54,10564100.0,3.37,8065300.0,3.334,11063111.0,3.522,3.38,553800.0,3.37,408600.0,3.39,811600.0,3.36,1789700.0,0.0029629651306568583
2024-04-30 09:53:57,10564600.0,3.37,8064900.0,3.334,11083611.0,3.522,3.38,562300.0,3.37,408100.0,3.39,811600.0,3.36,1789700.0,0.0029629651306568583
2024-04-30 09:54:00,10566100.0,3.37,8083000.0,3.334,11108311.0,3.522,3.38,562300.0,3.37,426200.0,3.39,826600.0,3.36,1789700.0,0.0
2024-04-30 09:54:03,10573200.0,3.37,8084300.0,3.334,11131211.0,3.522,3.38,563900.0,3.37,416100.0,3.39,826600.0,3.36,1800900.0,0.0029629651306568583
2024-04-30 09:54:06,10573200.0,3.37,8185200.0,3.334,10999211.0,3.523,3.38,563900.0,3.37,413200.0,3.39,818100.0,3.36,1883200.0,0.0029629651306568583
2024-04-30 09:54:09,10573200.0,3.37,8186200.0,3.334,11009311.0,3.523,3.38,573900.0,3.37,413200.0,3.39,819600.0,3.36,1883200.0,0.0029629651306568583
2024-04-30 09:54:12,10573200.0,3.37,8171400.0,3.334,11039311.0,3.523,3.38,573900.0,3.37,413800.0,3.39,849600.0,3.36,1883200.0,0.0
2024-04-30 09:54:15,10574200.0,3.37,8181000.0,3.334,11061311.0,3.523,3.38,572500.0,3.37,413800.0,3.39,846700.0,3.36,1883200.0,0.0
2024-04-30 09:54:18,10574200.0,3.37,8180000.0,3.334,11102011.0,3.522,3.38,572500.0,3.37,413800.0,3.39,866700.0,3.36,1884200.0,0.0
2024-04-30 09:54:21,10594200.0,3.37,8161000.0,3.334,11102011.0,3.522,3.38,572500.0,3.37,393800.0,3.39,866700.0,3.36,1884200.0,0.0029629651306568583
2024-04-30 09:54:24,10595000.0,3.37,8171800.0,3.334,11127011.0,3.522,3.38,592500.0,3.37,393000.0,3.39,871700.0,3.36,1884200.0,0.0
2024-04-30 09:54:27,10595400.0,3.38,8198700.0,3.334,11331911.0,3.52,3.38,592200.0,3.37,412900.0,3.39,953500.0,3.36,1889200.0,0.0
2024-04-30 09:54:30,10595400.0,3.38,8239000.0,3.334,11338111.0,3.52,3.38,598500.0,3.37,423000.0,3.39,953500.0,3.36,1889200.0,0.0029629651306568583
2024-04-30 09:54:33,10595900.0,3.37,8245500.0,3.334,11356411.0,3.519,3.38,598500.0,3.37,422500.0,3.39,961800.0,3.36,1889200.0,0.0029629651306568583
2024-04-30 09:54:36,10595900.0,3.37,8271500.0,3.335,11349311.0,3.519,3.38,598500.0,3.37,423000.0,3.39,954700.0,3.36,1914200.0,0.0029629651306568583
2024-04-30 09:54:39,10596500.0,3.37,8296300.0,3.335,11352111.0,3.519,3.38,598500.0,3.37,422500.0,3.39,954700.0,3.36,1939500.0,0.0
2024-04-30 09:54:42,10596600.0,3.37,8299200.0,3.335,11391511.0,3.519,3.38,597900.0,3.37,425400.0,3.39,984700.0,3.36,1939500.0,0.0
2024-04-30 09:54:45,10596600.0,3.37,8307000.0,3.335,11405311.0,3.519,3.38,604400.0,3.37,433200.0,3.39,984700.0,3.36,1939500.0,0.0
2024-04-30 09:54:48,10597800.0,3.37,8304600.0,3.335,11594911.0,3.523,3.38,594000.0,3.37,434900.0,3.39,984700.0,3.36,1939500.0,0.0029629651306568583
2024-04-30 09:54:51,10600600.0,3.37,8301800.0,3.335,11572511.0,3.523,3.38,594000.0,3.37,432100.0,3.39,984700.0,3.36,1939500.0,0.0029629651306568583
2024-04-30 09:54:54,10603100.0,3.37,8273500.0,3.335,11574811.0,3.523,3.38,594000.0,3.37,389700.0,3.39,984700.0,3.36,1949500.0,0.0
2024-04-30 09:54:57,10611100.0,3.37,8265100.0,3.335,11578311.0,3.523,3.38,597500.0,3.37,381700.0,3.39,984700.0,3.36,1949100.0,0.0
2024-04-30 09:55:00,10611100.0,3.37,8290100.0,3.335,11590411.0,3.523,3.38,597500.0,3.37,391700.0,3.39,984700.0,3.36,1949100.0,0.0029629651306568583
2024-04-30 09:55:03,10611100.0,3.37,8296000.0,3.335,11633611.0,3.522,3.38,623100.0,3.37,393500.0,3.39,984700.0,3.36,1951100.0,0.0029629651306568583
2024-04-30 09:55:06,10612600.0,3.37,8309500.0,3.335,11639111.0,3.522,3.38,623100.0,3.37,389100.0,3.39,984700.0,3.36,1966100.0,0.0029629651306568583
2024-04-30 09:55:09,10612600.0,3.37,8310000.0,3.335,11639111.0,3.522,3.38,623100.0,3.37,389100.0,3.39,984700.0,3.36,1966600.0,0.0029629651306568583
2024-04-30 09:55:12,10612600.0,3.37,8310300.0,3.335,11641011.0,3.522,3.38,623000.0,3.37,389400.0,3.39,984700.0,3.36,1966600.0,0.0029629651306568583
2024-04-30 09:55:15,10613200.0,3.37,8312400.0,3.335,11643811.0,3.522,3.38,623800.0,3.37,388600.0,3.39,986700.0,3.36,1969500.0,0.0
2024-04-30 09:55:18,10614300.0,3.37,8291600.0,3.335,11640311.0,3.522,3.38,620300.0,3.37,367900.0,3.39,986700.0,3.36,1969500.0,0.0029629651306568583
2024-04-30 09:55:21,10619100.0,3.37,8297800.0,3.335,11636311.0,3.522,3.38,622300.0,3.37,373100.0,3.39,990700.0,3.36,1970500.0,0.0
2024-04-30 09:55:24,10619100.0,3.37,8299900.0,3.335,11664011.0,3.522,3.38,622700.0,3.37,372400.0,3.39,990700.0,3.36,1977300.0,0.0029629651306568583
2024-04-30 09:55:27,10627500.0,3.37,8286500.0,3.335,11675911.0,3.522,3.38,622700.0,3.37,364000.0,3.39,1000700.0,3.36,1977300.0,0.0
2024-04-30 09:55:30,10627500.0,3.37,8236200.0,3.334,11656811.0,3.522,3.38,603600.0,3.37,311400.0,3.39,1000700.0,3.36,1977300.0,-0.0029629651306568583
2024-04-30 09:55:33,10627700.0,3.38,8237200.0,3.334,11657411.0,3.522,3.38,603700.0,3.37,313400.0,3.39,1000700.0,3.36,1977300.0,0.0
2024-04-30 09:55:36,10627900.0,3.37,8270100.0,3.334,11654411.0,3.522,3.38,605700.0,3.37,342300.0,3.39,1000700.0,3.36,1977300.0,0.0029629651306568583
2024-04-30 09:55:39,10628200.0,3.37,8294700.0,3.334,11637211.0,3.522,3.38,607500.0,3.37,344200.0,3.39,1000700.0,3.36,1977300.0,0.0029629651306568583
2024-04-30 09:55:42,10629400.0,3.37,8302800.0,3.334,11640211.0,3.522,3.38,607400.0,3.37,349800.0,3.39,1003800.0,3.36,1979800.0,0.0
2024-04-30 09:55:45,10638300.0,3.38,8308900.0,3.334,11638711.0,3.522,3.38,605900.0,3.37,355900.0,3.39,1003800.0,3.36,1979800.0,0.0
2024-04-30 09:55:48,10638300.0,3.38,8317600.0,3.334,11644311.0,3.522,3.38,605900.0,3.37,355900.0,3.39,1003800.0,3.36,1979800.0,0.0
2024-04-30 09:55:51,10640600.0,3.37,8304000.0,3.334,11646911.0,3.522,3.38,608300.0,3.37,353600.0,3.39,1003800.0,3.36,1983400.0,0.0
2024-04-30 09:55:54,10645500.0,3.38,8294000.0,3.334,11652611.0,3.522,3.38,613400.0,3.37,343600.0,3.39,1003800.0,3.36,1983400.0,-0.0029629651306568583
2024-04-30 09:55:57,10653600.0,3.38,8273800.0,3.334,11647411.0,3.522,3.38,606300.0,3.37,343400.0,3.39,1005800.0,3.36,1983400.0,0.0029629651306568583
2024-04-30 09:56:00,10653700.0,3.37,8325700.0,3.335,11647511.0,3.522,3.38,606300.0,3.37,395300.0,3.39,1005800.0,3.36,1983400.0,0.0029629651306568583
2024-04-30 09:56:03,10655100.0,3.37,8649700.0,3.336,11652411.0,3.522,3.38,611200.0,3.37,719300.0,3.39,1005800.0,3.36,1983400.0,0.0
2024-04-30 09:56:06,10657300.0,3.37,8680600.0,3.336,11660911.0,3.522,3.38,619700.0,3.37,720700.0,3.39,1005800.0,3.36,2015800.0,0.0029629651306568583
2024-04-30 09:56:09,10657300.0,3.37,8667600.0,3.336,11660911.0,3.522,3.38,619700.0,3.37,720700.0,3.39,1005800.0,3.36,2015800.0,0.0029629651306568583
2024-04-30 09:56:12,10658200.0,3.37,8669900.0,3.336,11952911.0,3.518,3.38,911700.0,3.37,723000.0,3.39,1005800.0,3.36,2015800.0,0.0029629651306568583
2024-04-30 09:56:15,10658300.0,3.37,8672600.0,3.336,11987811.0,3.518,3.38,941600.0,3.37,725100.0,3.39,1005800.0,3.36,2015800.0,0.0029629651306568583
2024-04-30 09:56:18,10661300.0,3.37,8664600.0,3.336,11987811.0,3.518,3.38,941600.0,3.37,722100.0,3.39,1005800.0,3.36,2015800.0,0.0
2024-04-30 09:56:21,10662300.0,3.38,8672500.0,3.336,11998811.0,3.518,3.38,950600.0,3.37,733600.0,3.39,1005800.0,3.36,2015800.0,0.0
2024-04-30 09:56:24,10662300.0,3.38,8621900.0,3.336,11999911.0,3.518,3.38,950700.0,3.37,683000.0,3.39,1005800.0,3.36,2015800.0,0.0
2024-04-30 09:56:27,10662400.0,3.38,8388600.0,3.335,11999311.0,3.518,3.38,949100.0,3.37,750600.0,3.39,1006800.0,3.36,1715800.0,0.0
2024-04-30 09:56:30,10662600.0,3.38,8385900.0,3.335,12045611.0,3.518,3.38,949900.0,3.37,747900.0,3.39,1024800.0,3.36,1715800.0,0.0
2024-04-30 09:56:33,10662900.0,3.38,8403900.0,3.335,12047411.0,3.518,3.38,949700.0,3.37,747400.0,3.39,1024800.0,3.36,1729500.0,0.0
2024-04-30 09:56:36,10663300.0,3.38,8390300.0,3.335,12047011.0,3.518,3.38,949300.0,3.37,747400.0,3.39,1024800.0,3.36,1722400.0,0.0029629651306568583
2024-04-30 09:56:39,10666900.0,3.37,8391200.0,3.335,12047611.0,3.518,3.38,945800.0,3.37,747300.0,3.39,1024800.0,3.36,1722400.0,0.0029629651306568583
2024-04-30 09:56:42,10666900.0,3.37,8412600.0,3.335,12048111.0,3.518,3.38,945800.0,3.37,767300.0,3.39,1024800.0,3.36,1722400.0,0.0
2024-04-30 09:56:45,10667200.0,3.38,8432700.0,3.335,12051311.0,3.518,3.38,945400.0,3.37,783900.0,3.39,1024800.0,3.36,1725900.0,0.0029629651306568583
2024-04-30 09:56:48,10667300.0,3.37,8432600.0,3.335,12050411.0,3.518,3.38,944500.0,3.37,783800.0,3.39,1024800.0,3.36,1725900.0,0.0029629651306568583
2024-04-30 09:56:51,10667300.0,3.37,8382600.0,3.335,12051411.0,3.518,3.38,944500.0,3.37,803800.0,3.39,1024800.0,3.36,1725900.0,0.0029629651306568583
2024-04-30 09:56:54,10668100.0,3.37,8382300.0,3.335,12061111.0,3.518,3.38,944200.0,3.37,803500.0,3.39,1024800.0,3.36,1725900.0,-0.0029629651306568583
2024-04-30 09:56:57,10722400.0,3.38,8438000.0,3.336,12006211.0,3.518,3.38,889300.0,3.37,859200.0,3.39,1024800.0,3.36,1725900.0,-0.0029629651306568583
2024-04-30 09:57:00,10722400.0,3.38,8470400.0,3.336,12015911.0,3.518,3.38,898900.0,3.37,891600.0,3.39,1024900.0,3.36,1725900.0,-0.0029629651306568583
2024-04-30 09:57:03,10727000.0,3.38,8496600.0,3.336,11998611.0,3.518,3.38,872100.0,3.37,917800.0,3.39,1024900.0,3.36,1725900.0,0.0
2024-04-30 09:57:06,10747600.0,3.38,8503200.0,3.336,12005611.0,3.518,3.38,864100.0,3.37,924600.0,3.39,1024900.0,3.36,1725700.0,-0.0029629651306568583
2024-04-30 09:57:09,10748500.0,3.38,8503600.0,3.336,12016211.0,3.518,3.38,865600.0,3.37,925000.0,3.39,1024900.0,3.36,1725700.0,0.0
2024-04-30 09:57:12,10750400.0,3.38,8513900.0,3.336,12014711.0,3.518,3.38,864100.0,3.37,936300.0,3.39,1024900.0,3.36,1725700.0,0.0029629651306568583
2024-04-30 09:57:15,10750900.0,3.37,8515800.0,3.336,12006411.0,3.518,3.38,860200.0,3.37,933200.0,3.39,1020900.0,3.36,1730700.0,0.0029629651306568583
2024-04-30 09:57:18,10750900.0,3.37,8511700.0,3.336,12006411.0,3.518,3.38,860200.0,3.37,932000.0,3.39,1020900.0,3.36,1727800.0,0.0029629651306568583
2024-04-30 09:57:21,10750900.0,3.37,8510400.0,3.336,12026611.0,3.518,3.38,860200.0,3.37,930700.0,3.39,1020900.0,3.36,1727800.0,-0.0029629651306568583
2024-04-30 09:57:24,10751100.0,3.38,8515400.0,3.336,12042911.0,3.518,3.38,860000.0,3.37,930700.0,3.39,1020900.0,3.36,1727800.0,-0.0029629651306568583
2024-04-30 09:57:27,10751100.0,3.38,8503800.0,3.336,12044811.0,3.518,3.38,854900.0,3.37,915100.0,3.39,1020900.0,3.36,1728800.0,0.0
2024-04-30 09:57:30,10751300.0,3.37,8546200.0,3.336,12054711.0,3.518,3.38,864800.0,3.37,962500.0,3.39,1020900.0,3.36,1728800.0,-0.0029629651306568583
2024-04-30 09:57:33,10753000.0,3.38,8574300.0,3.336,12054711.0,3.518,3.38,864800.0,3.37,986900.0,3.39,1020900.0,3.36,1729300.0,0.0029629651306568583
2024-04-30 09:57:36,10753200.0,3.37,8573700.0,3.336,12042811.0,3.518,3.38,864900.0,3.37,987300.0,3.39,1008900.0,3.36,1729300.0,0.0029629651306568583
2024-04-30 09:57:39,10757400.0,3.37,8575500.0,3.336,12043211.0,3.518,3.38,864900.0,3.37,984100.0,3.39,1008900.0,3.36,1729300.0,0.0
2024-04-30 09:57:42,10758600.0,3.37,8579400.0,3.336,12058011.0,3.518,3.38,879700.0,3.37,983000.0,3.39,1008900.0,3.36,1729300.0,-0.0029629651306568583
2024-04-30 09:57:45,10762300.0,3.38,8579400.0,3.336,12054311.0,3.518,3.38,876000.0,3.37,983000.0,3.39,1008900.0,3.36,1729300.0,-0.0029629651306568583
2024-04-30 09:57:48,10762300.0,3.38,8570200.0,3.336,12067811.0,3.518,3.38,888000.0,3.37,984000.0,3.39,1008900.0,3.36,1729300.0,-0.0029629651306568583
2024-04-30 09:57:51,10762300.0,3.38,8574600.0,3.336,12072411.0,3.518,3.38,893600.0,3.37,984000.0,3.39,1008900.0,3.36,1729300.0,-0.0029629651306568583
2024-04-30 09:57:54,10762600.0,3.38,8576600.0,3.336,12072911.0,3.518,3.38,894100.0,3.37,986000.0,3.39,1008900.0,3.36,1729300.0,-0.0029629651306568583
2024-04-30 09:57:57,10768500.0,3.38,8586600.0,3.336,12069611.0,3.518,3.38,891200.0,3.37,986000.0,3.39,1008900.0,3.36,1729300.0,0.0
2024-04-30 09:58:00,10768500.0,3.38,8582900.0,3.336,12067211.0,3.518,3.38,891200.0,3.37,985400.0,3.39,1008900.0,3.36,1726200.0,0.0
2024-04-30 09:58:03,10804500.0,3.38,8582900.0,3.336,12057311.0,3.518,3.38,875400.0,3.37,985400.0,3.39,1008900.0,3.36,1726200.0,0.0
2024-04-30 09:58:06,10804500.0,3.38,8594900.0,3.336,12077811.0,3.518,3.38,875400.0,3.37,995400.0,3.39,1008900.0,3.36,1728200.0,0.0029629651306568583
2024-04-30 09:58:09,10811100.0,3.37,8607000.0,3.336,12087211.0,3.518,3.38,874700.0,3.37,1007500.0,3.39,1008900.0,3.36,1728200.0,0.0029629651306568583
2024-04-30 09:58:12,10811100.0,3.37,8607500.0,3.336,12086011.0,3.518,3.38,877800.0,3.37,1007500.0,3.39,1008800.0,3.36,1728200.0,0.0
2024-04-30 09:58:15,10812500.0,3.38,8688300.0,3.337,12088811.0,3.518,3.38,876800.0,3.37,1073400.0,3.39,1008800.0,3.36,1728200.0,0.0029629651306568583
2024-04-30 09:58:18,10813100.0,3.37,8670900.0,3.336,12091611.0,3.518,3.38,878500.0,3.37,1059000.0,3.39,1009900.0,3.36,1728200.0,0.0
2024-04-30 09:58:21,10823300.0,3.38,8667200.0,3.336,12083311.0,3.518,3.38,870200.0,3.37,1056600.0,3.39,1009900.0,3.36,1729400.0,0.0
2024-04-30 09:58:24,10839800.0,3.38,8710700.0,3.337,12068011.0,3.518,3.38,854900.0,3.37,1072800.0,3.39,1009900.0,3.36,1806700.0,0.0029629651306568583
2024-04-30 09:58:27,10840800.0,3.37,8697300.0,3.337,12069511.0,3.518,3.38,856400.0,3.37,1071800.0,3.39,1009900.0,3.36,1794300.0,0.0029629651306568583
2024-04-30 09:58:30,10880800.0,3.37,8692700.0,3.337,12071811.0,3.518,3.38,829700.0,3.37,1057200.0,3.39,1009900.0,3.36,1804300.0,0.0029629651306568583
2024-04-30 09:58:33,10881400.0,3.37,8720600.0,3.337,12079111.0,3.518,3.38,835200.0,3.37,1067000.0,3.39,1009900.0,3.36,1822400.0,0.0029629651306568583
2024-04-30 09:58:36,10881400.0,3.37,8719600.0,3.337,12079111.0,3.518,3.38,835200.0,3.37,1067000.0,3.39,1009900.0,3.36,1822400.0,0.0029629651306568583
2024-04-30 09:58:39,10883600.0,3.37,8715600.0,3.337,12075311.0,3.518,3.38,835200.0,3.37,1064800.0,3.39,1009900.0,3.36,1822400.0,0.0029629651306568583
2024-04-30 09:58:42,10883600.0,3.37,8742000.0,3.337,12071911.0,3.518,3.38,828700.0,3.37,1091200.0,3.39,1007000.0,3.36,1822400.0,0.0029629651306568583
2024-04-30 09:58:45,10883600.0,3.37,8742000.0,3.337,12072011.0,3.518,3.38,828800.0,3.37,1091200.0,3.39,1007000.0,3.36,1822400.0,0.0
2024-04-30 09:58:48,10941000.0,3.38,8844700.0,3.337,12016911.0,3.519,3.38,773700.0,3.37,1192100.0,3.39,1007000.0,3.36,1824400.0,0.0
2024-04-30 09:58:51,10946000.0,3.38,8829700.0,3.337,12060411.0,3.519,3.38,787200.0,3.37,1193100.0,3.39,1007000.0,3.36,1803000.0,0.0029629651306568583
2024-04-30 09:58:54,10951200.0,3.37,8831300.0,3.337,12026811.0,3.519,3.38,782300.0,3.37,1194400.0,3.39,998300.0,3.36,1803000.0,0.0
2024-04-30 09:58:57,10952800.0,3.38,8831300.0,3.337,12017511.0,3.519,3.38,771900.0,3.37,1194400.0,3.39,998300.0,3.36,1803000.0,0.0
2024-04-30 09:59:00,11096200.0,3.38,8791600.0,3.337,11877111.0,3.521,3.38,631500.0,3.37,1160700.0,3.39,998300.0,3.36,1797000.0,0.0029629651306568583
2024-04-30 09:59:03,11113400.0,3.37,8774400.0,3.337,11881011.0,3.521,3.38,635400.0,3.37,1143500.0,3.39,998300.0,3.36,1797000.0,0.0
2024-04-30 09:59:06,11116400.0,3.38,8779800.0,3.337,11877511.0,3.521,3.38,632400.0,3.37,1148900.0,3.39,998300.0,3.36,1797000.0,0.0029629651306568583
2024-04-30 09:59:09,11117000.0,3.37,8784900.0,3.337,11875111.0,3.521,3.38,630000.0,3.37,1148800.0,3.39,998300.0,3.36,1802200.0,0.0
2024-04-30 09:59:12,11519300.0,3.38,8752800.0,3.337,11491011.0,3.525,3.38,245900.0,3.37,1118600.0,3.39,998300.0,3.36,1800300.0,0.0
2024-04-30 09:59:15,11530000.0,3.38,8723500.0,3.337,11542711.0,3.525,3.38,295700.0,3.37,1109300.0,3.39,998300.0,3.36,1800300.0,0.0
2024-04-30 09:59:18,11577200.0,3.38,8692600.0,3.337,11491111.0,3.525,3.38,248500.0,3.37,1077600.0,3.39,998300.0,3.36,1800700.0,0.0
2024-04-30 09:59:21,11577200.0,3.38,8714500.0,3.337,11492011.0,3.525,3.38,249400.0,3.37,1099500.0,3.39,998300.0,3.36,1800700.0,0.0
2024-04-30 09:59:24,11610200.0,3.38,8683200.0,3.337,11440011.0,3.526,3.38,216400.0,3.37,1098300.0,3.39,975500.0,3.36,1774000.0,0.0
2024-04-30 09:59:27,11614800.0,3.38,8673100.0,3.337,11439911.0,3.526,3.38,213900.0,3.37,1091400.0,3.39,975500.0,3.36,1771800.0,0.0
2024-04-30 09:59:30,11620800.0,3.38,8680700.0,3.337,11456011.0,3.526,3.38,234100.0,3.37,1099000.0,3.39,977500.0,3.36,1771800.0,0.0
2024-04-30 09:59:33,11855500.0,3.38,8960600.0,3.338,11233211.0,3.529,3.39,978800.0,3.38,180800.0,3.4,957000.0,3.37,1087400.0,0.0
2024-04-30 09:59:36,11855500.0,3.38,8981300.0,3.338,11245011.0,3.529,3.39,989600.0,3.38,184500.0,3.4,957000.0,3.37,1083800.0,0.0
2024-04-30 09:59:39,11855900.0,3.38,8992900.0,3.338,11243911.0,3.529,3.39,977500.0,3.38,184200.0,3.4,962000.0,3.37,1092300.0,0.0
2024-04-30 09:59:42,11856400.0,3.38,9012800.0,3.338,11243411.0,3.529,3.39,977900.0,3.38,195800.0,3.4,962000.0,3.37,1101200.0,0.0
2024-04-30 09:59:45,11868200.0,3.38,9012600.0,3.338,11348211.0,3.527,3.39,1077700.0,3.38,193600.0,3.4,967000.0,3.37,1103200.0,0.0
2024-04-30 09:59:48,11877500.0,3.38,9004600.0,3.338,11376011.0,3.527,3.39,1100500.0,3.38,185600.0,3.4,967000.0,3.37,1103200.0,-0.0029542118974317244
2024-04-30 09:59:51,11878100.0,3.39,9001600.0,3.338,11375411.0,3.527,3.39,1099900.0,3.38,185600.0,3.4,967000.0,3.37,1103200.0,0.0
2024-04-30 09:59:54,11883200.0,3.38,8999400.0,3.338,11375711.0,3.527,3.39,1100200.0,3.38,182600.0,3.4,967000.0,3.37,1104900.0,0.0
2024-04-30 09:59:57,11889800.0,3.38,8980700.0,3.338,11350411.0,3.527,3.39,1113200.0,3.38,176000.0,3.4,970500.0,3.37,1092800.0,0.0
2024-04-30 10:00:00,11889800.0,3.38,8998300.0,3.338,11462011.0,3.526,3.39,1114700.0,3.38,176000.0,3.4,1072100.0,3.37,1120500.0,-0.0029542118974317244
2024-04-30 10:00:03,11997200.0,3.39,8900500.0,3.338,11463311.0,3.526,3.39,1112700.0,3.38,94700.0,3.4,1072100.0,3.37,1098400.0,0.0
2024-04-30 10:00:06,11997600.0,3.38,8900500.0,3.338,11463411.0,3.526,3.39,1112800.0,3.38,93700.0,3.4,1072100.0,3.37,1099400.0,0.0
2024-04-30 10:00:09,12154100.0,3.38,8791000.0,3.337,11503611.0,3.525,3.38,63100.0,3.37,1099500.0,3.39,1089900.0,3.36,1849400.0,0.0029629651306568583
2024-04-30 10:00:12,12160600.0,3.37,8803400.0,3.337,11471211.0,3.526,3.38,15700.0,3.37,1111900.0,3.39,1094900.0,3.36,1849400.0,0.0
2024-04-30 10:00:15,12171300.0,3.38,8805800.0,3.337,11504311.0,3.526,3.38,26100.0,3.37,1114300.0,3.39,1094900.0,3.36,1849400.0,0.0
2024-04-30 10:00:18,12173300.0,3.38,8817700.0,3.337,11529211.0,3.525,3.38,50600.0,3.37,1126200.0,3.39,1095300.0,3.36,1849400.0,0.0
2024-04-30 10:00:21,12180800.0,3.38,8838200.0,3.337,11533811.0,3.525,3.38,56800.0,3.37,1146700.0,3.39,1095300.0,3.36,1849400.0,0.0
2024-04-30 10:00:24,12180800.0,3.38,8843600.0,3.337,11522611.0,3.526,3.38,58300.0,3.37,1152100.0,3.39,1075300.0,3.36,1849400.0,0.0029629651306568583
2024-04-30 10:00:27,12184900.0,3.37,8827700.0,3.337,11540511.0,3.525,3.38,59300.0,3.37,1146200.0,3.39,1080300.0,3.36,1849400.0,0.0
2024-04-30 10:00:30,12206300.0,3.38,8804200.0,3.337,11571411.0,3.525,3.38,62700.0,3.37,1118200.0,3.39,1103100.0,3.36,1851400.0,0.0029629651306568583
2024-04-30 10:00:33,12208500.0,3.37,8812800.0,3.337,11573911.0,3.525,3.38,63200.0,3.37,1123800.0,3.39,1105100.0,3.36,1854400.0,0.0029629651306568583
2024-04-30 10:00:36,12209300.0,3.37,8803900.0,3.337,11601411.0,3.525,3.38,90700.0,3.37,1114900.0,3.39,1105100.0,3.36,1854400.0,0.0029629651306568583
2024-04-30 10:00:39,12210900.0,3.37,8815900.0,3.337,11610211.0,3.525,3.38,96600.0,3.37,1120100.0,3.39,1105100.0,3.36,1857400.0,0.0
2024-04-30 10:00:42,12214100.0,3.38,8815900.0,3.337,11616711.0,3.524,3.38,98100.0,3.37,1120100.0,3.39,1104500.0,3.36,1857400.0,0.0
2024-04-30 10:00:45,12214100.0,3.38,8814000.0,3.337,11614611.0,3.524,3.38,99100.0,3.37,1120200.0,3.39,1104500.0,3.36,1855400.0,0.0
2024-04-30 10:00:48,12235600.0,3.38,8802300.0,3.337,11637911.0,3.524,3.38,122400.0,3.37,1108500.0,3.39,1104500.0,3.36,1855400.0,0.0
2024-04-30 10:00:51,12291500.0,3.38,8807200.0,3.337,11578511.0,3.525,3.38,42900.0,3.37,1098800.0,3.39,1104500.0,3.36,1869200.0,0.0
2024-04-30 10:00:54,12291500.0,3.38,8807600.0,3.337,11674511.0,3.524,3.38,137200.0,3.37,1099200.0,3.39,1106200.0,3.36,1869200.0,0.0
2024-04-30 10:00:57,12292600.0,3.38,8807200.0,3.337,11676111.0,3.524,3.38,136200.0,3.37,1098800.0,3.39,1107200.0,3.36,1869200.0,0.0
2024-04-30 10:01:00,12295100.0,3.38,8805600.0,3.337,11669411.0,3.524,3.38,134500.0,3.37,1098100.0,3.39,1107200.0,3.36,1869200.0,0.0029629651306568583
2024-04-30 10:01:03,12304000.0,3.37,8805600.0,3.337,11698211.0,3.523,3.38,177800.0,3.37,1098100.0,3.39,1107200.0,3.36,1869200.0,0.0
2024-04-30 10:01:06,12482100.0,3.38,8810600.0,3.337,11530311.0,3.526,3.39,1117100.0,3.38,2800.0,3.4,1104000.0,3.37,1103300.0,0.0
2024-04-30 10:01:09,12482100.0,3.38,8878600.0,3.337,11536111.0,3.525,3.39,1122900.0,3.38,17700.0,3.4,1104000.0,3.37,1116400.0,0.0
2024-04-30 10:01:12,12484600.0,3.38,8875900.0,3.337,11541411.0,3.525,3.39,1128200.0,3.38,15500.0,3.4,1104000.0,3.37,1115900.0,0.0
2024-04-30 10:01:15,12532100.0,3.38,8859300.0,3.337,11542211.0,3.525,3.39,1129000.0,3.38,1600.0,3.4,1104000.0,3.37,1112700.0,0.0
2024-04-30 10:01:18,12545700.0,3.38,8860800.0,3.337,11550111.0,3.525,3.39,1129000.0,3.38,4400.0,3.4,1105700.0,3.37,1111400.0,0.0
2024-04-30 10:01:21,12552400.0,3.38,8862100.0,3.337,11550411.0,3.525,3.39,1129000.0,3.38,7700.0,3.4,1106000.0,3.37,1109400.0,0.0
2024-04-30 10:01:24,12553000.0,3.38,8871200.0,3.337,11550411.0,3.525,3.39,1129000.0,3.38,12600.0,3.4,1106000.0,3.37,1109400.0,0.0
2024-04-30 10:01:27,12553000.0,3.38,8846300.0,3.337,11561311.0,3.525,3.39,1139900.0,3.38,7200.0,3.4,1106000.0,3.37,1089900.0,-0.0029542118974317244
2024-04-30 10:01:30,12603000.0,3.39,8848200.0,3.337,11512211.0,3.526,3.39,1090000.0,3.38,8600.0,3.4,1106000.0,3.37,1090400.0,-0.0029542118974317244
2024-04-30 10:01:33,12604000.0,3.39,8866400.0,3.337,11515811.0,3.526,3.39,1089100.0,3.38,27500.0,3.4,1106000.0,3.37,1089700.0,0.0
2024-04-30 10:01:36,12609000.0,3.38,8862000.0,3.337,11515911.0,3.526,3.39,1089100.0,3.38,23100.0,3.4,1106000.0,3.37,1089700.0,-0.0029542118974317244
2024-04-30 10:01:39,12641400.0,3.39,8748200.0,3.337,11491311.0,3.526,3.39,1057100.0,3.38,22800.0,3.4,1106000.0,3.37,1089700.0,0.0
2024-04-30 10:01:42,12702300.0,3.38,8722300.0,3.337,11506311.0,3.526,3.39,1067100.0,3.38,500.0,3.4,1104500.0,3.37,1086400.0,0.0
2024-04-30 10:01:45,12702300.0,3.38,8725100.0,3.337,11487811.0,3.526,3.39,1067300.0,3.38,5700.0,3.4,1104500.0,3.37,1082600.0,0.0
2024-04-30 10:01:48,12702300.0,3.38,8714200.0,3.337,11482211.0,3.526,3.39,1067300.0,3.38,6700.0,3.4,1099400.0,3.37,1082800.0,0.0
2024-04-30 10:01:51,12709100.0,3.38,8830200.0,3.337,11343211.0,3.527,3.39,1076300.0,3.38,24200.0,3.4,1100400.0,3.37,1082800.0,0.0
2024-04-30 10:01:54,12709800.0,3.38,8839200.0,3.337,11355711.0,3.527,3.39,1076800.0,3.38,28500.0,3.4,1102400.0,3.37,1087000.0,0.0
2024-04-30 10:01:57,12709800.0,3.38,8849300.0,3.337,11370711.0,3.527,3.39,1091800.0,3.38,38600.0,3.4,1102400.0,3.37,1087000.0,0.0
2024-04-30 10:02:00,12735100.0,3.38,8834400.0,3.337,11431911.0,3.526,3.39,1153000.0,3.38,16600.0,3.4,1102400.0,3.37,1094100.0,0.0
2024-04-30 10:02:03,12735500.0,3.38,8887300.0,3.337,11457411.0,3.526,3.39,1171000.0,3.38,19500.0,3.4,1103400.0,3.37,1144100.0,0.0
2024-04-30 10:02:06,12740400.0,3.38,8911400.0,3.338,11486611.0,3.526,3.39,1183000.0,3.38,31500.0,3.4,1107100.0,3.37,1152100.0,0.0
2024-04-30 10:02:09,12745400.0,3.38,8913300.0,3.338,11498211.0,3.526,3.39,1183000.0,3.38,33400.0,3.4,1114700.0,3.37,1152100.0,0.0
2024-04-30 10:02:12,12745900.0,3.38,8926900.0,3.338,11501711.0,3.526,3.39,1183000.0,3.38,37000.0,3.4,1114700.0,3.37,1152100.0,0.0
2024-04-30 10:02:15,12745900.0,3.38,8982500.0,3.338,11505211.0,3.526,3.39,1183000.0,3.38,91600.0,3.4,1114700.0,3.37,1152100.0,0.0
2024-04-30 10:02:18,12750400.0,3.38,9109600.0,3.338,11492711.0,3.526,3.39,1170000.0,3.38,218700.0,3.4,1115200.0,3.37,1152100.0,0.0
2024-04-30 10:02:21,12752800.0,3.38,9111200.0,3.338,11494911.0,3.526,3.39,1170000.0,3.38,220300.0,3.4,1117400.0,3.37,1152100.0,0.0
2024-04-30 10:02:24,12759800.0,3.38,9111900.0,3.338,11444911.0,3.526,3.39,1119000.0,3.38,215900.0,3.4,1117400.0,3.37,1152100.0,0.0
2024-04-30 10:02:27,12906700.0,3.38,8976400.0,3.338,11444911.0,3.526,3.39,1119000.0,3.38,76400.0,3.4,1117400.0,3.37,1156100.0,0.0
2024-04-30 10:02:30,12954000.0,3.38,8978000.0,3.338,11452711.0,3.527,3.39,1126500.0,3.38,78000.0,3.4,1111800.0,3.37,1156100.0,0.0
2024-04-30 10:02:33,12954300.0,3.38,8998000.0,3.338,11452711.0,3.527,3.39,1126500.0,3.38,78500.0,3.4,1111800.0,3.37,1156100.0,0.0
2024-04-30 10:02:36,12987300.0,3.38,8966800.0,3.338,11452711.0,3.527,3.39,1126500.0,3.38,48600.0,3.4,1111800.0,3.37,1154800.0,-0.0029542118974317244
2024-04-30 10:02:39,12988900.0,3.39,8970100.0,3.338,11451911.0,3.527,3.39,1125700.0,3.38,52100.0,3.4,1111800.0,3.37,1154800.0,-0.0029542118974317244
2024-04-30 10:02:42,12998900.0,3.39,8974300.0,3.338,11441911.0,3.527,3.39,1115700.0,3.38,58300.0,3.4,1111800.0,3.37,1154800.0,-0.0029542118974317244
2024-04-30 10:02:45,12998900.0,3.39,8985700.0,3.338,11462911.0,3.527,3.39,1116700.0,3.38,64700.0,3.4,1111800.0,3.37,1154800.0,-0.0029542118974317244
2024-04-30 10:02:48,12998900.0,3.39,8962800.0,3.338,11462911.0,3.527,3.39,1116700.0,3.38,67700.0,3.4,1111800.0,3.37,1149000.0,0.0
2024-04-30 10:02:51,13004300.0,3.38,8960600.0,3.338,11477111.0,3.526,3.39,1130900.0,3.38,59300.0,3.4,1111800.0,3.37,1154700.0,-0.0029542118974317244
2024-04-30 10:02:54,13006300.0,3.39,8935000.0,3.338,11473611.0,3.526,3.39,1125800.0,3.38,59800.0,3.4,1113400.0,3.37,1154700.0,0.0
2024-04-30 10:02:57,13006400.0,3.38,8951400.0,3.338,11481911.0,3.526,3.39,1127200.0,3.38,76000.0,3.4,1107700.0,3.37,1154700.0,-0.0029542118974317244
2024-04-30 10:03:00,13014700.0,3.39,8978600.0,3.338,11494211.0,3.526,3.39,1126100.0,3.38,103200.0,3.4,1111100.0,3.37,1154700.0,-0.0029542118974317244
2024-04-30 10:03:03,13019300.0,3.39,9009900.0,3.338,11492611.0,3.526,3.39,1121500.0,3.38,134500.0,3.4,1111100.0,3.37,1154700.0,-0.0029542118974317244
2024-04-30 10:03:06,13019600.0,3.39,9015500.0,3.338,11502011.0,3.526,3.39,1122200.0,3.38,145100.0,3.4,1119800.0,3.37,1154700.0,0.0
2024-04-30 10:03:09,13029600.0,3.38,9016100.0,3.338,11521811.0,3.526,3.39,1119300.0,3.38,145700.0,3.4,1119800.0,3.37,1154700.0,0.0
2024-04-30 10:03:12,13030100.0,3.38,9025100.0,3.338,11507011.0,3.526,3.39,1101300.0,3.38,145400.0,3.4,1123000.0,3.37,1158400.0,0.0
2024-04-30 10:03:15,13031000.0,3.38,9016000.0,3.338,11538111.0,3.526,3.39,1101400.0,3.38,143900.0,3.4,1153000.0,3.37,1157800.0,0.0
2024-04-30 10:03:18,13041300.0,3.38,9011100.0,3.338,11521811.0,3.526,3.39,1085100.0,3.38,140000.0,3.4,1153000.0,3.37,1157800.0,0.0
2024-04-30 10:03:21,13043500.0,3.38,9022800.0,3.338,11510611.0,3.526,3.39,1083100.0,3.38,151800.0,3.4,1153000.0,3.37,1157800.0,0.0
2024-04-30 10:03:24,13045500.0,3.38,9022800.0,3.338,11510611.0,3.526,3.39,1083100.0,3.38,149800.0,3.4,1153000.0,3.37,1161300.0,-0.0029542118974317244
2024-04-30 10:03:27,13054200.0,3.39,9067000.0,3.339,11531311.0,3.526,3.39,1107000.0,3.38,204300.0,3.4,1148800.0,3.37,1161600.0,0.0
2024-04-30 10:03:30,13055300.0,3.38,9024900.0,3.338,11468811.0,3.527,3.39,1109000.0,3.38,212000.0,3.4,1166800.0,3.37,1112800.0,0.0
2024-04-30 10:03:33,13055300.0,3.38,9052200.0,3.338,11471411.0,3.527,3.39,1111600.0,3.38,228200.0,3.4,1166800.0,3.37,1122900.0,0.0
2024-04-30 10:03:36,13055700.0,3.38,9090200.0,3.339,11473611.0,3.527,3.39,1112800.0,3.38,255700.0,3.4,1166800.0,3.37,1128300.0,0.0
2024-04-30 10:03:39,13056500.0,3.38,9077400.0,3.339,11459111.0,3.527,3.39,1102900.0,3.38,255900.0,3.4,1156800.0,3.37,1130300.0,-0.0029542118974317244
2024-04-30 10:03:42,13057600.0,3.39,9073400.0,3.339,11459211.0,3.527,3.39,1101800.0,3.38,257200.0,3.4,1156800.0,3.37,1130300.0,-0.0029542118974317244
2024-04-30 10:03:45,13057600.0,3.39,9081400.0,3.339,11454211.0,3.527,3.39,1101900.0,3.38,265200.0,3.4,1159700.0,3.37,1130300.0,-0.0029542118974317244
2024-04-30 10:03:48,13057600.0,3.39,9088400.0,3.339,11452911.0,3.527,3.39,1102200.0,3.38,270700.0,3.4,1161100.0,3.37,1130300.0,-0.0029542118974317244
2024-04-30 10:03:51,13057600.0,3.39,9099800.0,3.339,11452911.0,3.527,3.39,1102200.0,3.38,285200.0,3.4,1161100.0,3.37,1120200.0,-0.0029542118974317244
2024-04-30 10:03:54,13057600.0,3.39,9111700.0,3.339,11388411.0,3.528,3.39,1102200.0,3.38,290500.0,3.4,1041100.0,3.37,1120200.0,-0.0029542118974317244
2024-04-30 10:03:57,13057600.0,3.39,9498500.0,3.34,11391311.0,3.528,3.39,1105100.0,3.38,680900.0,3.4,1041100.0,3.37,1106600.0,-0.0029542118974317244
2024-04-30 10:04:00,13057600.0,3.39,9490200.0,3.34,11391311.0,3.528,3.39,1105100.0,3.38,681500.0,3.4,1041100.0,3.37,1103700.0,-0.0029542118974317244
2024-04-30 10:04:03,13058200.0,3.39,9529700.0,3.341,11400211.0,3.528,3.39,1099300.0,3.38,715000.0,3.4,1041200.0,3.37,1105700.0,-0.0029542118974317244
2024-04-30 10:04:06,13120500.0,3.39,9549200.0,3.341,11340911.0,3.529,3.39,1035000.0,3.38,793100.0,3.4,1041200.0,3.37,1052100.0,0.0
2024-04-30 10:04:09,13129200.0,3.38,9550600.0,3.341,11462811.0,3.527,3.39,1038100.0,3.38,794600.0,3.4,1040000.0,3.37,1052000.0,0.0
2024-04-30 10:04:12,13132200.0,3.38,9561000.0,3.341,11415211.0,3.526,3.39,1038100.0,3.38,801800.0,3.4,1040000.0,3.37,1052000.0,0.0
2024-04-30 10:04:15,13132200.0,3.38,9364900.0,3.34,11415211.0,3.526,3.39,1038100.0,3.38,805700.0,3.4,1040000.0,3.37,852000.0,0.0
2024-04-30 10:04:18,13132700.0,3.38,9369900.0,3.34,11430811.0,3.526,3.39,1053700.0,3.38,815200.0,3.4,1040000.0,3.37,852600.0,0.0
2024-04-30 10:04:21,13132700.0,3.38,9355100.0,3.34,11181011.0,3.528,3.39,1061900.0,3.38,810400.0,3.4,1050300.0,3.37,852600.0,-0.0029542118974317244
2024-04-30 10:04:24,13142800.0,3.39,9340700.0,3.34,11190811.0,3.528,3.39,1068400.0,3.38,811400.0,3.4,1050600.0,3.37,856900.0,-0.0029542118974317244
2024-04-30 10:04:27,13152900.0,3.39,9330600.0,3.34,11195911.0,3.528,3.39,1063500.0,3.38,821300.0,3.4,1050600.0,3.37,856900.0,-0.0029542118974317244
2024-04-30 10:04:30,13154400.0,3.39,9328100.0,3.34,11536111.0,3.524,3.39,1335300.0,3.38,821300.0,3.4,1050600.0,3.37,854400.0,-0.0029542118974317244
2024-04-30 10:04:33,13154400.0,3.39,9263900.0,3.34,11584311.0,3.524,3.39,1338700.0,3.38,772200.0,3.4,1040400.0,3.37,854400.0,-0.0029542118974317244
2024-04-30 10:04:36,13165400.0,3.39,9266400.0,3.34,11574611.0,3.524,3.39,1331700.0,3.38,768200.0,3.4,1040400.0,3.37,855900.0,-0.0029542118974317244
2024-04-30 10:04:39,13165400.0,3.39,9289200.0,3.34,11568511.0,3.524,3.39,1331700.0,3.38,790900.0,3.4,1040400.0,3.37,856000.0,-0.0029542118974317244
2024-04-30 10:04:42,13169400.0,3.39,9293900.0,3.34,11701311.0,3.523,3.39,1461500.0,3.38,793600.0,3.4,1041400.0,3.37,856000.0,-0.0029542118974317244
2024-04-30 10:04:45,13171100.0,3.39,9331400.0,3.34,11705611.0,3.523,3.39,1459800.0,3.38,794900.0,3.4,1041400.0,3.37,907800.0,-0.0029542118974317244
2024-04-30 10:04:48,13171100.0,3.39,9531600.0,3.341,11719311.0,3.523,3.39,1466500.0,3.38,994900.0,3.4,1047400.0,3.37,912100.0,-0.0029542118974317244
2024-04-30 10:04:51,13172900.0,3.39,9536000.0,3.341,11729511.0,3.523,3.39,1464700.0,3.38,994900.0,3.4,1047400.0,3.37,916900.0,0.0
2024-04-30 10:04:54,13263500.0,3.38,9437700.0,3.341,11734311.0,3.522,3.39,1466700.0,3.38,901100.0,3.4,1047400.0,3.37,911900.0,0.0
2024-04-30 10:04:57,13313800.0,3.38,9394200.0,3.341,11734311.0,3.522,3.39,1466700.0,3.38,858600.0,3.4,1047400.0,3.37,911900.0,0.0
2024-04-30 10:05:00,13313800.0,3.38,9387700.0,3.34,11737611.0,3.522,3.39,1465000.0,3.38,858600.0,3.4,1047400.0,3.37,911900.0,-0.0029542118974317244
2024-04-30 10:05:03,13331000.0,3.39,9391400.0,3.341,11765111.0,3.522,3.39,1447900.0,3.38,862300.0,3.4,1090000.0,3.37,911900.0,-0.0029542118974317244
2024-04-30 10:05:06,13370200.0,3.39,9408500.0,3.341,11736711.0,3.523,3.39,1408700.0,3.38,901700.0,3.4,1094400.0,3.37,910900.0,-0.0029542118974317244
2024-04-30 10:05:09,13408200.0,3.39,9459700.0,3.341,11703211.0,3.523,3.39,1374700.0,3.38,951900.0,3.4,1094400.0,3.37,910900.0,0.0
2024-04-30 10:05:12,13408900.0,3.38,9341100.0,3.341,11704911.0,3.523,3.39,1373400.0,3.38,951500.0,3.4,1094400.0,3.37,910900.0,-0.0029542118974317244
2024-04-30 10:05:15,13409000.0,3.39,9345100.0,3.341,11728211.0,3.523,3.39,1373300.0,3.38,951500.0,3.4,1114400.0,3.37,910900.0,-0.0029542118974317244
2024-04-30 10:05:18,13409200.0,3.39,9375700.0,3.341,11825911.0,3.522,3.39,1472500.0,3.38,964000.0,3.4,1114400.0,3.37,928800.0,-0.0029542118974317244
